2362 4036
407 323 616 380 crunnu-
745 281 759 293 “
920 316 958 381 ue

39 495 96 544 ret
114 493 296 563 potestatem,
310 504 378 565 quas
392 485 438 544 ille
450 487 540 545 irritas
552 484 654 546 habuit.
677 484 734 545 Sed
743 485 890 546 aduersum
902 503 959 546 mo·

42 578 113 627 tum
133 572 371 646 praetorianorum
392 579 474 646 atque
490 568 622 628 Maxentii
643 569 766 628 Severus
786 569 891 630 Caesar
903 570 960 630 Ro-

47 670 130 711 mam
141 655 243 712 missus
255 671 271 711 a
283 651 393 711 Galerio
404 670 464 710 cum
477 655 601 711 exercitu
613 653 698 727 venit,
715 653 904 732 obsidensque
917 673 960 712 ur·

51 735 124 794 bern
136 735 249 795 militum
262 753 373 795 suornm
385 735 495 794 scelere
506 734 634 793 desertus
646 743 700 797 est.

45 866 57 887 ,
122 819 210 878 Gne.
223 817 273 877 lll.
293 810 401 879 ductae
411 817 551 878 Maxentio
565 835 637 895 opes
648 819 895 896 confirmatumque
913 821 961 879 im·

56 904 178 978 perium.
201 901 774 980 SeveruslugiensRavennaeinteriectus
786 911 839 963 est.
857 903 962 961 Hercu·
985 928 1011 969 p,

57 981 114 1043 lius
133 995 224 1043 tamen
236 985 415 1044 Maximianus
435 995 500 1062 post
514 985 584 1044 haec
601 987 778 1045 inconcione
791 988 961 1045 exercituum
974 995 1029 1038 en.

61 1068 146 1126 lilium
164 1067 333 1128 Maxentium
354 1068 457 1134 laudare
476 1079 589 1127 conatus
605 1067 772 1128 seditionem
791 1078 819 1128 et
836 1069 963 1129 convicia
975 1063 1020 1107 ³⁰⁷·

62 1151 176 1211 militum
187 1152 257 1210 tulit.
277 1150 345 1211 lnde
358 1151 392 1210 ad
405 1150 506 1210 Gallias
518 1150 961 1228 proiectusestdolocomposito,

62 1243 188 1312 tunquam
200 1252 215 1293 a
231 1234 287 1293 lulio
300 1245 377 1294 esset
389 1235 532 1312 expulsus,
552 1245 581 1294 ut
593 1234 772 1295 Constantino
785 1237 962 1314 generoiun·
994 1290 1001 1305 ,

62 1327 193 1394 geretur,
214 1319 332 1378 moliens
348 1327 440 1378 tamen
459 1317 666 1377 Constantinum
681 1329 792 1396 reperta
812 1321 963 1378 occasione

65 1402 231 1477 interlicere,
246 1404 292 1480 qui
304 1404 331 1461 in
340 1402 435 1461 Galliis
443 1410 470 1458 et
480 1401 593 1459 militum
601 1401 846 1478 etprovincialium
857 1404 963 1478 ingenti
979 1450 981 1455 .
1017 1445 1020 1449 -

63 1487 115 1543 iam
133 1485 230 1545 lavore
246 1486 380 1562 regnabat
399 1486 490 1543 caesis
509 1484 623 1543 Francis
640 1493 724 1561 atque
739 1484 898 1542 Alamannis
916 1501 961 1542 ca·

61 1570 174 1646 ptisque
191 1585 287 1627 eorum
303 1569 428 1645 regibus,
445 1584 515 1644 quos
536 1569 618 1627 etiam
629 1568 742 1644 bestiis,
763 1585 826 1626 curn
837 1567 961 1644 magnid-

62 1670 123 1710 cum
139 1651 329 1729 spectaculum
340 1654 460 1711 mutueris
476 1661 613 1728 parasset,
631 1652 745 1713 obiecit.
765 1650 894 1710 Detectis
910 1651 960 1727 igi·

60 1743 105 1793 tur
115 1735 222 1794 insidiis
234 1753 285 1813 per
295 1733 424 1799 Faustam
439 1734 535 1811 filiam,
559 1754 630 1814 quae
643 1735 736 1795 dolum
746 1737 806 1795 viro
818 1736 960 1794 nuntiare·

60 1827 118 1889 rut,
137 1819 261 1893 profugit
275 1819 437 1892 Herculius,
462 1818 662 1896 'Massiliaeque
679 1837 835 1898 oppressus
860 1819 911 1896 (ex
928 1835 961 1877 eu

60 1899 163 1957 etenim
174 1900 346 1974 navigaread
358 1901 441 1957 lilium
454 1903 650 1980 praeparabat)
664 1918 769 1977 poenas
781 1901 857 1961 dedit
866 1903 958 1961 iustis·
982 1933 1011 1975 p,
1096 1924 1099 1929 ·

60 1984 133 2040 simo
150 1982 239 2054 exitu,
257 1982 300 2038 vir
315 1980 349 2038 ad
368 1997 476 2038 omnem
492 1985 669 2057 asperitatem
684 1984 883 2059 saevitiamque
894 2002 958 2063 pro·
971 2001 1027 2043 cn.

61 2065 162 2139 olivus,
176 2062 285 2139 infidus,
297 2062 498 2139 incommodus,
513 2063 652 2123 civilitatis
668 2067 779 2142 penitus
792 2083 903 2142 expers.
969 2070 1017 2115 ³¹⁰·

19 2158 34 2215 “,
127 2146 212 2209 Gur.
231 2145 278 2207 IV.
298 2144 382 2224 (lll.)
414 2145 466 2205 Per
480 2147 534 2206 hoc
550 2156 659 2224 tempus
681 2147 821 2208 aGalerio
838 2147 960 2208 Licinius
985 2182 1012 2224 p,

60 2233 216 2307 imperator
236 2240 280 2289 est
300 2230 402 2305 lactus,
425 2229 513 2288 Dacia
534 2230 683 2308 oriundus,
704 2241 787 2290 notus
805 2230 831 2289 ei
851 2233 961 2308 antiqua
973 2250 1027 2292 en.

10 2376 12 2383 ,
62 2312 266 2372 consuetudine
288 2323 316 2373 et
338 2315 365 2372 in
387 2313 479 2388 bello,
502 2313 576 2392 quod
593 2313 728 2374 adversus
743 2314 879 2374 Narseum
896 2317 1020 2391 ges-³11·

60 2406 153 2471 serat,
176 2397 296 2456 strenuis
311 2397 453 2459 laboribus
469 2407 497 2457 et
521 2398 622 2456 officiis
639 2408 784 2475 acceptus.
812 2396 890 2457 Mors
909 2395 963 2457 Ga·

60 2480 124 2539 lerii
139 2480 291 2539 ¹confestim
311 2491 408 2539 secuta
421 2468 478 2541 'est
511 2480 551 2540 lta
573 2499 620 2540 res
643 2482 755 2558 publica
775 2491 832 2547 turn
849 2482 962 2540 anonis

22 2628 25 2632 ,
61 2572 181 2640 quatuor
198 2564 410 2640 imperatoribus
426 2565 585 2641 tenebatur,
610 2563 789 2624 Constantino
811 2562 962 2623 etMaxen·

61 2649 114 2722 tio,
139 2646 202 2705 filiis
214 2647 420 2724 Augustorum,
443 2646 549 2705 Licinio
561 2646 758 2722 etMnximino,
778 2648 860 2706 novis
875 2646 963 2705 bomi-

62 2730 154 2788 nibus.
187 2728 289 2802 Quinto
304 2739 397 2789 tamen
415 2728 610 2789 Constantinus
627 2732 735 2808 imperii
749 2732 792 2789 sui
809 2746 881 2789 anno
901 2729 960 2788 bel·
985 2753 1011 2793 r.

59 2812 117 2871 lum
136 2812 283 2872 adversum
300 2812 467 2872 Maxentium
486 2813 569 2871 civile
590 2816 752 2890 commovit,
779 2815 877 2891 copias
900 2815 960 2872 eius
972 2820 1028 2862 GN·

60 2896 154 2955 multis
175 2896 291 2974 proeliis
314 2896 399 2970 fudit,
423 2898 513 2973 ipsum
525 2906 669 2974 postremo
691 2897 797 2956 Romae
815 2897 962 2957 adversum
973 2889 1021 2932 ²¹2

59 2978 172 3037 nobiles
199 2981 325 3038 omnibus
349 2982 440 3038 exitiis
462 2982 634 3040 saevientem
655 2981 728 3058 apud
757 2989 870 3058 pontem
891 2979 961 3039 Mul·
985 3007 1012 3048 p,

59 3064 136 3120 vium
145 3065 213 3121 vicit
224 3062 359 3141 Italiaque
372 3072 414 3120 est
430 3066 544 3140 potitus.
575 3063 638 3123 Non
649 3063 733 3123 multo
746 3072 810 3140 post
825 3062 961 3140 deinceps
974 3075 1029 3117 cu.

58 3147 89 3205 in
102 3144 216 3204 Oriente
232 3163 346 3224 quoque
367 3147 500 3205 adversus
516 3146 649 3206 Licinium
665 3146 827 3206 Maximinus
845 3165 892 3205 res
911 3162 960 3205 no·
972 3144 1021 3186 ³¹²·

58 3245 111 3287 vas
126 3228 238 3288 molitus
254 3233 374 3289 violeum
396 3231 509 3290 exitium
525 3231 637 3290 fortuita
654 3229 728 3308 apud
745 3229 859 3290 Tarsum
872 3238 962 3288 morte

60 3313 215 3389 praevenit.

116 3396 212 3456 -Cnm
228 3395 265 3457 V.
285 3395 363 3474 (lv.)
401 3393 596 3456 Constantinus
621 3405 729 3472 tamen,
752 3397 795 3454 vir
813 3396 912 3471 ingens
934 3402 963 3453 et

62 3481 154 3539 omniu
176 3479 291 3541 efficere
312 3482 417 3556 nitens,
445 3499 517 3559 quae
535 3481 626 3542 animo
646 3487 856 3561 praeparasset,
880 3475 961 3537 simul

27 3282 54 3340 )
