2362 4036
110 104 171 176 ιδ’
450 50 666 175 sarlonis

109 297 180 340 uuus
201 287 314 341 senator
334 279 475 353 damnatus
491 282 537 356 sit,
560 291 645 359 atque
660 283 685 340 is
703 289 794 340 tamen
816 297 870 358 per
889 289 1012 343 semmua

109 367 253 440 ignorante
278 362 406 422 Traiano.
448 363 491 423 Ob
510 324 582 423 blec
606 382 657 441 per
676 364 773 423 orbem
791 372 930 423 terrarum
951 358 1046 424 Deo

109 449 254 524 proximus
263 445 331 505 nibil
342 463 398 504 non
408 449 595 506 venerationis
601 450 701 524 mcpurt
712 448 825 507 etvivus
837 456 867 506 et
877 457 1010 508 mortuus.

171 530 257 591 Cae.
268 529 303 589 V.
332 527 407 590 later
422 531 475 590 alia
489 529 562 590 dicta
576 530 656 590 boc
648 530 840 609 rpsiasfcrtur
853 534 1009 608 egregiam.

89 664 92 669 .
107 613 213 673 Amicis
230 615 303 674 enim
313 612 497 691 culpantibus,
509 613 585 691 quod
594 615 676 674 nimis
690 616 765 673 circa
776 631 876 673 omnes
890 631 1010 675 commu·

108 697 152 756 uis
171 707 263 774 esset,
281 695 427 774 respondit
447 700 537 758 talem
550 717 584 760 se
597 699 811 776 imperatorem
826 717 894 759 ease
904 701 1008 776 padoa-

110 783 158 856 ιιι,
182 782 288 858 prcoles
311 799 377 842 eoae
398 782 456 841 aidi
478 782 841 858 imperatores-privatas
868 789 1007 859 optasset.

110 863 177 924 Post
196 865 337 941 ingentem
360 865 443 940 igitur
461 863 579 940 gloriam
595 864 661 924 belli
676 863 807 941 domique
823 866 980 942 quaesitam
994 882 1007 923 c

109 947 225 1007 Perside
240 947 352 1006 rediens
363 945 437 1023 apud
448 946 605 1007 Seleuciam
615 947 738 1008 lsauriae
749 947 889 1025 prolluvio
907 949 1007 1007 venais

109 1034 262 1090 exstinctus
275 1038 327 1087 est.
351 1028 425 1089 Obiit
437 1039 528 1089 autem
538 1033 637 1089 aetatis
648 1048 719 1091 auno
733 1051 814 1093 uxrrr.
826 1050 926 1093 mense
936 1047 1006 1090 nono

108 1121 138 1170 et
148 1113 193 1172 dic
210 1121 319 1190 quarto,
332 1113 440 1190 imperii
455 1133 515 1176 xix:
526 1132 623 1174 mense
639 1135 678 1175 vn.
693 1115 738 1174 die
755 1135 800 1175 xv.
830 1113 908 1174 luter
921 1113 1006 1174 Divos

6 1194 8 1199 ’
40 1223 44 1237 ·
106 1195 211 1256 relatas
228 1195 550 1275 estsolasquecmnium
566 1200 636 1258 intra
650 1198 746 1259 urbem
762 1199 900 1278 sepultus.
939 1197 1007 1270 Ossa

108 1282 170 1340 eius
182 1279 321 1341 collocata
333 1283 359 1340 in
375 1300 441 1340 urna
459 1299 543 1343 aurea
555 1284 582 1342 ιιι
596 1283 671 1358 loro,
688 1282 762 1360 quod
773 1282 943 1357 aedificavit,
959 1281 1006 1340 sub

108 1364 235 1424 columna
248 1366 301 1424 sita
312 1374 386 1439 sunt,
406 1365 484 1423 cuius
496 1365 611 1424 altitudo
626 1385 710 1427 cunrv
722 1366 810 1442 pedes
825 1366 919 1426 babet.
954 1363 1006 1424 llu-

106 1451 150 1507 ius
172 1457 275 1512 tantum
296 1449 446 1505 memoriae
464 1446 583 1505 delatum
597 1456 654 1520 est,
679 1457 814 1524 utusque
835 1448 869 1506 ad
886 1457 1007 1506 nostram

52 1560 54 1565 =
105 1537 224 1587 aetatem
235 1545 290 1584 non
305 1527 386 1584 aliter
403 1529 430 1583 in
448 1535 545 1584 senatu
558 1528 733 1602 principibus
746 1529 924 1603 acclametur,
937 1532 1006 1589 nisi:

105 1609 237 1671 Felicior
246 1605 393 1684 Aapcsto,
417 1605 524 1670 Melior
546 1607 689 1670 Traiano
710 1609 791 1669 Adeo
814 1612 841 1668 in
858 1627 894 1669 eo
915 1611 1007 1687 gloria

85 1716 87 1723 ·
103 1692 235 1753 bonitatis
248 1690 380 1767 obtinuit,
405 1701 435 1751 ut
450 1691 496 1750 vel
509 1694 714 1752 assentantibus
729 1692 776 1752 vel
791 1711 860 1752 vere
872 1693 1005 1755 laudanti·

105 1776 158 1835 bas
170 1776 349 1836 occasionem
360 1736 623 1852 rlragirilrcentissimi
637 1786 760 1858 praestet
771 1776 903 1853 exempli.

169 1860 258 1921 Car.
274 1857 323 1919 Vl.
337 1858 419 1938 (ιιι.)
451 1858 591 1919 Defuncto
605 1859 724 1920 lraiano
739 1860 837 1919 Aelius
852 1859 1004 1933 Hadrianus

103 1954 216 2004 oreatus
228 1952 272 2003 est
283 1945 426 2021 princeps,
439 1945 499 2002 siae
509 1943 601 2021 aliqua
613 1943 725 2020 quidem
735 1943 878 2003 voluntate
886 1928 1019 2020 Tmianb'

105 2028 158 2088 sed
170 2043 284 2106 operam
296 2025 376 2088 dante
387 2025 509 2096 Plotina,
510 2062 513 2068 ·
528 2026 637 2086 Traiani
649 2046 747 2087 uxore.
784 2027 854 2087 Nam
866 2045 930 2086 eura
941 2026 1003 2087 Tra·

105 2114 200 2187 ianus,
219 2125 374 2187 quanquam
386 2109 572 2169 consobrinae
583 2128 651 2169 auae
666 2110 764 2186 tilium,
786 2113 866 2170 virus
879 2111 1004 2171 noluerat

104 2194 250 2269 adoptare
279 2191 365 2249 Natus
378 2200 405 2248 et
416 2193 479 2276 ipse
490 2191 624 2251 Italicae
615 2212 643 2251 ιιι
653 2193 795 2270 Hispania.
828 2193 883 2268 Qui
896 2193 1003 2255 Traiani

104 2277 213 2353 gloriae
225 2272 351 2331 invidens
367 2259 468 2332 statim
471 2276 631 2351 provincias
645 2284 703 2334 tres
713 2277 838 2354 reliquit,
858 2297 929 2355 quas
940 2277 1003 2338 Tra·

104 2361 183 2418 ianus
199 2356 355 2433 addiderat,
379 2365 407 2433 et
421 2357 456 2416 de
466 2359 600 2435 Assyria,
616 2356 821 2438 Mesopotamia
837 2370 865 2419 et
876 2362 1004 2421 Armenia

87 2439 250 2504 'revocavit
265 2402 406 2505 exorditus
421 2459 454 2500 ae
472 2441 576 2501 finenr'
569 2446 678 2521 imperii
696 2462 761 2507 asse
775 2444 864 2503 voluit
878 2443 1003 2521 Euphra·

105 2536 169 2588 tem.
194 2524 272 2584 Idem
287 2524 322 2583 de
337 2525 423 2585 Dacia
440 2525 535 2584 lacere
557 2537 683 2587 conatum
700 2530 781 2591 amici
801 2527 1004 2602 deterrueruut,

104 2629 141 2671 ne
159 2609 236 2670 multi
258 2609 335 2667 cives
356 2608 473 2668 Romani
488 2609 622 2675 barbaris,
637 2610 824 2686 traderentur,
847 2604 1005 2688 ¹propterea

105 2693 182 2772 quod
201 2691 332 2750 Traianus
347 2694 420 2752 victa
431 2692 518 2752 Dacia
534 2713 572 2754 ex
586 2701 646 2752 toto
664 2694 732 2766 orbe
743 2693 867 2753 Romano
885 2695 1005 2754 infinitas

101 2792 142 2835 eo
155 2776 252 2851 copias
271 2774 410 2837 bominum
428 2777 603 2836 transtulerat
616 2775 651 2834 ad
662 2793 746 2853 agros
764 2786 791 2835 et
807 2778 891 2837 urbes
907 2778 1004 2836 colen·

7 2899 13 2915 ι
105 2859 165 2918 das.
197 2857 285 2917 Dacia
303 2861 376 2918 enim
388 2860 515 2919 diuturno
527 2858 603 2920 bello
614 2857 751 2920 Decebali
767 2861 833 2920 viris
848 2861 940 2921 luerat
955 2879 1003 2921 ex·

104 2941 211 3002 hausta

167 3025 251 3090 Car
266 3023 328 3085 Vll.
361 3024 462 3084 Pacem
474 3035 564 3104 tamen
584 3025 657 3084 omni
678 3028 835 3103 tempore
826 3030 936 3106 imperii
958 3030 1002 3088 sai

98 3109 214 3183 babuit,
240 3107 328 3168 semel
351 3116 455 3167 tantam
475 3126 525 3187 per
542 3100 699 3186 praesidem
716 3108 865 3170 dimicavit.
899 3110 1003 3172 Orbem

104 3153 413 3252 Romanumoireumiit.
433 3189 694 3252 llultaaedifieavit
716 3190 1002 3254 Facundissimusba·

104 3276 161 3334 tino
182 3291 329 3354 sermone,
352 3273 461 3335 Graeco
479 3274 680 3335 eruditissimus
700 3274 761 3334 ιιιιι.
794 3275 857 3336 Non
876 3294 1002 3357 magnam
