2362 4036
82 343 86 349 .
172 261 212 322 ιι
497 266 729 324 aoracum

171 429 258 487 maior
271 436 316 486 est
329 428 480 489 liberalitas
497 438 650 506 comperta,
668 430 713 488 vel
725 431 833 499 iustior.
864 429 1075 494 Placidissimae

170 510 308 584 lenitatis,
331 521 361 570 ut
375 515 423 590 qui
439 514 591 572 maiestatis
607 530 721 590 quoqne
733 521 829 573 contra
843 532 876 572 se
888 531 957 574 reos
969 534 1029 576 non
1040 517 1074 576 la·

119 600 144 640 Ρ
170 593 229 652 cilo
237 597 348 670 puniret
363 596 432 655 ultra
443 597 535 656 exsilii
544 612 673 672 poenam
695 596 753 655 Sub
765 596 820 655 hoc
831 594 936 657 iudaea
948 598 1075 659 Romano

103 667 158 711 “HN
170 679 315 737 accessit
307 682 436 755 imperio,
450 689 478 738 et
489 679 693 754 Hierosolyma,
708 697 780 756 quae
792 679 843 739 luit
855 680 921 738 urbs
931 682 1078 756 nobilissi,

118 737 212 818 7ὀιιιιιι
227 758 410 821 Palaestinae.
433 763 575 841 Achaiam,
598 761 735 838 Lyciam,
732 756 882 837 Rhodum,
898 763 1072 842 Byzantium,

168 843 289 919 Samum,
307 864 385 922 quae
390 847 496 906 liberae
508 855 570 905 ante
581 847 636 906 hoe
646 856 756 922 tempus
769 845 889 921 inerant,
911 850 981 907 item
991 848 1072 909 Tlira

167 929 253 1001 ciam,
270 927 411 1005 Ciliciam,
435 929 658 1006 Commagenen,
681 946 753 1006 quae
772 929 824 991 sub
842 930 958 1007 regibus
978 934 1070 993 amieis

167 1021 292 1087 egerant,
309 1015 336 1072 in
353 1015 556 1088 provinciarum
568 1014 684 1073 formam
698 1011 817 1088 redegit.
1031 1034 1035 1039 ·

229 1095 314 1154 Cas.
323 1095 389 1156 XX.
409 1097 582 1156 Offensarum
597 1104 625 1154 et
636 1097 838 1155 inimicitiarum
849 1097 999 1159 immemor
1010 1099 1066 1173 fuit,

167 1180 294 1237 convicia
314 1198 329 1237 a
350 1179 563 1239 caussidicis-et
580 1179 805 1255 philosophisin
827 1197 859 1237 sc
881 1179 956 1251 dieta
973 1180 1068 1253 leniter

165 1261 236 1334 tulit,
257 1260 376 1336 diligens
397 1271 488 1320 tamen
506 1264 646 1321 coercitor
667 1261 834 1339 disciplinae
847 1263 985 1324 militaris.
1021 1264 1069 1335 llic¹
1104 1291 1108 1328 ι

166 1360 228 1400 cum
240 1342 302 1401 Tito
315 1343 371 1402 lilio
388 1345 423 1404 de
434 1345 637 1420 Hierosolymis
650 1346 837 1422 triumpharit.
859 1344 913 1404 Per
923 1347 1066 1419 haec'cum
1103 1374 1108 1411 r

165 1429 272 1486 senatui
285 1436 318 1486 et·
326 1428 451 1506 populo,
459 1438 603 1507 postremo
616 1431 725 1488 cunctis
744 1428 870 1489 amabilis
885 1447 920 1487 ac
931 1430 1066 1509 iucundus
1102 1455 1108 1493 ι

167 1519 254 1586 esset,
266 1513 404 1589 profluvio
415 1516 519 1572 ventris
533 1515 686 1571 exstinctus
699 1522 743 1585 est
753 1512 858 1572 invilla
870 1516 984 1591 propria
996 1516 1065 1574 circu
1102 1537 1108 1575 ι

143 1620 146 1629 ·
166 1594 295 1670 Sabinos,
316 1615 416 1655 anuum
427 1599 524 1654 aetatis
540 1613 627 1670 agens
639 1598 845 1670 sexagesimum
856 1613 968 1671 nonum,
981 1598 1065 1676 impe
1102 1620 1108 1657 ι

164 1679 198 1734 ιιι
209 1693 311 1735 nonum
323 1687 351 1734 et
363 1678 435 1734 diem
447 1679 604 1751 septimum,
618 1685 702 1751 atque
714 1679 785 1733 iuter
795 1676 886 1736 Divos
896 1678 1003 1739 relatus
1016 1688 1064 1745 est·
1102 1682 1108 1740 l

89 1796 92 1803 ·
164 1756 323 1816 Genituram
341 1758 461 1816 liliorum
476 1760 513 1814 ita
528 1757 668 1832 cognitam
684 1757 792 1832 habuit,
814 1767 858 1832 ιιι,
883 1776 945 1817 cum
963 1763 1065 1823 multae
1104 1784 1108 1827 ι

163 1850 258 1899 contra
274 1858 337 1900 eum
349 1838 556 1898 coniurationes
569 1839 697 1914 tierent,
708 1858 777 1916 quas
789 1841 967 1917 patefactas
957 1848 1064 1940 ingenti
1104 1836 1108 1904 ι

162 1922 381 1982 dissimulatione
393 1927 571 2001 contempsit,
584 1926 613 1982 iu
623 1932 721 1983 senatu
733 1923 832 1984 dixerit
834 1925 963 2002 ,tecm
951 1945 998 1988 sos
1008 1929 1108 2021 eidi

161 2025 368 2081 maceraturos,
392 2010 616 2069 ιιιιιιιιιιιιιιιιιι
713 2063 715 2067 r
806 2044 808 2049 ·

225 2089 310 2151 Car.
322 2089 398 2151 XXI.
413 2091 518 2170 (xlv.)
541 2090 612 2150 Huic
627 2089 705 2154 Titus
723 2092 795 2151 iulias
808 2093 948 2153 suecessit
950 2096 1022 2172 ,qui
1035 2103 1061 2153 et

146 2176 227 2253 ipse
238 2176 427 2252 Vespasianus
443 2184 486 2233 est
497 2175 602 2250 dietus,
625 2177 667 2234 vir
684 2179 804 2237 omnium
818 2179 948 2236 virtutum
959 2194 1062 2253 genere

161 2257 294 2319 mirabilis
309 2259 396 2331 adeo,
412 2267 450 2315 ιιι
467 2277 553 2318 anaor
567 2267 595 2320 et
613 2261 741 2320 deliciae
755 2261 879 2320 humera
891 2262 1014 2338 pemeria
1025 2259 1060 2319 di·

163 2352 283 2416 ceretur,
303 2338 532 2415 facundissimus,
549 2342 797 2417 bellicosissimus,
815 2343 1059 2403 moderatissimus.

162 2423 284 2482 caussas
300 2423 386 2481 latine
405 2425 479 2499 egit,
497 2433 625 2499 poemata
645 2435 673 2483 et
689 2425 850 2501 tragoedias
867 2443 971 2503 graece
987 2444 1059 2500 com·

161 2496 264 2583 posuit.
298 2505 328 2564 ln
340 2508 550 2583 oppugnatione
561 2505 822 2583 Hierosolymorum
833 2510 884 2569 sub
898 2519 977 2587 patre
990 2509 1060 2584 mili·

161 2598 222 2648 tans
232 2609 275 2661 xm
286 2599 512 2667 propugnatores
521 2609 563 2650 aur
575 2593 735 2667 sagittarum
743 2592 848 2653 ictibus
861 2593 984 2652 conlinit.
1006 2593 1059 2652 Ro·

160 2691 221 2732 mae
244 2682 336 2732 tantae
360 2673 499 2732 civilitatis
519 2675 547 2733 ιιι
563 2675 681 2752 imperio
702 2675 768 2750 luit,
794 2674 936 2753 utnullam
951 2679 1060 2736 omniuo

162 2760 282 2834 puniret,
296 2759 441 2816 convictos
453 2756 600 2819 adversum
612 2777 677 2817 sese
691 2761 888 2818 coniurationis
900 2760 938 2818 ita
949 2758 1060 2821 dimise·

159 2843 204 2914 rit,
218 2844 265 2898 ut
257 2860 285 2898 ιιι
298 2839 396 2898 eadem
408 2840 602 2916 familiaritate,
620 2861 674 2919 qua
688 2850 778 2918 antea,
790 2842 926 2901 habuerit.
961 2841 1060 2903 Facili-

159 2926 223 2981 tatis
236 2932 264 2980 et
276 2922 449 2983 liberalitatis
459 2933 550 2985 tantae
566 2926 627 2999 init,
639 2933 678 2998 ut,
696 2942 759 2983 cum
772 2925 840 2984 nulli
853 2924 1017 3007 quidquam
1014 2945 1060 2986 ne·
1102 2996 1107 3007 ,

159 3015 240 3082 garet
257 3015 286 3065 et
304 3008 339 3066 ab
355 3010 451 3066 amieis
465 3007 734 3086 reprehenderetur,
750 3008 928 3086 responderit
942 2999 1057 3071 natthm

159 3091 226 3150 tritt
226 3110 272 3151 em
285 3092 396 3152 debere
407 3092 446 3151 at
458 3093 641 3170 imperatore
655 3092 823 3167 discedere,
841 3101 988 3169 praeterea
999 3111 1062 3152 euru

159 3174 279 3252 quodam
296 3175 367 3233 die
360 3193 387 3233 ιιι
399 3190 488 3232 coena
502 3173 665 3234 recordatus
677 3175 792 3249 luisset,
816 3176 883 3234 nihil
899 3194 932 3234 se
947 3175 997 3235 illo
1015 3175 1061 3234 die

95 3314 98 3319 ,
158 3261 286 3335 cuiquam
299 3259 484 3336 praestitisse,
497 3257 610 3317 dixerit:
626 3260 728 3334 amici,
739 3259 827 3320 bodie
838 3261 916 3320 diem
923 3259 1059 3337 perdidi.
1100 3299 1108 3332 ,

158 3341 210 3400 Ηιι
221 3342 327 3400 Romae
338 3339 567 3417 amphitheatrum
579 3340 734 3401 aedificavit
749 3352 777 3401 et
789 3345 911 3421 qtrinque
928 3343 1002 3402 milia
1018 3341 1058 3401 le-

158 3427 287 3488 ramniu
299 3423 475 3500 dedicatione
490 3425 550 3487 eius
565 3424 678 3485 occidit.
691 3478 704 3503 ,
773 3484 775 3491 ,
