2362 4036
407 295 544 352 LIBER
568 297 623 352 vt*
853 338 855 342 »
925 291 968 357 39

18 466 25 491 ¹
59 462 122 539 pius
132 477 168 520 ex
179 460 253 520 omui
267 474 355 536 regno
371 457 524 518 adduxerat
538 455 729 534 Mithridates,
748 475 879 519 curum
889 458 966 522 milla

10 558 27 617 p
58 544 212 604 lectissima
223 545 301 618 regis
313 560 329 601 a
342 543 465 619 quinque
477 542 589 600 milibus
601 541 795 601 Romanorum
800 551 907 618 vastata
919 561 964 615 es·

59 636 131 703 seut,
144 625 321 709 Mithridates
332 625 444 713 lagatus
456 633 500 683 est
511 633 540 683 et
551 634 641 684 castra
653 629 715 684 eius
726 625 844 702 direpta.
866 611 964 685 Anne·

10 764 13 769 .
57 712 105 771 nia
115 726 229 788 quoque
241 704 340 784 minor,
354 725 437 786 quam
450 716 587 783 tenuerat,
601 708 692 767 eidem
704 707 812 768 sublata
822 718 877 769 est
897 710 968 768 Sus*
1037 704 1063 780 ’ζ

59 802 160 871 ceptus
175 802 267 852 tamen
282 800 326 850 est
339 790 514 850 Mithridates
534 801 599 868 post
615 792 710 868 lugam
727 808 743 848 a
759 783 890 868 Tigrane,
912 793 964 852 Ar·¹
1107 796 1111 803 “

57 877 168 936 maniae
185 892 272 953 rege,
294 877 416 952 quitum
435 876 543 951 ingenti
563 874 654 952 gloria
669 872 840 949 imperabat,
864 872 969 934 Persas

57 976 147 1035 saepe
163 959 270 1017 vicerat
276 957 537 1036 ‚Mesopotamiam
558 965 748 1035 occupaverat
770 966 799 1016 et
813 952 922 1034 Syriam
937 967 966 1017 et

56 1041 216 1101 Phoenices
228 1050 344 1119 partem
423 1061 426 1067 ·
455 1056 457 1062 ⁸

94 1124 207 1185 (lar.
225 1123 275 1183 lx.
304 1123 383 1202 Ergo
403 1124 536 1184 Lucullus
554 1132 688 1202 repetens
706 1080 817 1182 hostem
839 1123 981 1201 iugatum

58 1210 267 1285 etiamregnum
278 1206 417 1285 Tigranis,
431 1226 478 1286 qur
471 1206 629 1268 Armeniis
642 1206 827 1286 imperabat,
818 1223 963 1285 ingressus

58 1299 112 1352 est
135 1289 344 1368 Tigranocerta,
362 1292 504 1350 civitatem
516 1290 689 1368 Arzaneuae,
706 1291 963 1354 nobilissimarhre·
952 1303 1030 1347 nott.

57 1393 106 1453 gnr
99 1372 291 1449 'Armeniaei,
308 1376 395 1451 cepit,
410 1377 502 1450 ipsum
513 1393 610 1450 regem
621 1392 685 1433 cum
697 1376 839 1433 sexcentis
852 1374 963 1434 milibus
974 1371 1021 1413 683·

57 1451 272 1517 clibanariorum
290 1465 318 1514 et
330 1466 439 1515 centum
451 1456 562 1515 milibus
578 1458 782 1532 sagittariorum
799 1467 827 1515 et
844 1466 963 1516 armato·

55 1559 118 1600 rum
129 1541 288 1623 venientem
300 1557 372 1598 xvrrr
384 1538 459 1598 milia
469 1538 584 1599 militum
599 1539 725 1598 habens
718 1548 754 1598 rta
765 1540 850 1616 vicit,
868 1548 898 1597 ut
907 1536 996 1598 mast

55 1640 141 1700 gnam
157 1614 264 1700 partem
283 1620 476 1682 Armeniorum
493 1622 639 1683 deleverit.
678 1619 747 1682 lnde
768 1622 877 1684 Nisibin
897 1639 963 1702 pro·
976 1643 1031 1684 mu.

56 1707 150 1765 lectus
165 1723 226 1765 earn
244 1722 358 1785 quoque
378 1708 517 1766 civitatem
529 1725 592 1766 cum
603 1708 680 1785 regis
695 1708 780 1767 iratre
792 1709 876 1785 cepit.
905 1705 964 1766 Sed
974 1709 1019 1752 688·

56 1791 93 1865 11,
103 1807 175 1867 quos
186 1792 214 1848 in
228 1788 317 1849 Ponto
331 1789 463 1850 Lucullus
473 1790 627 1869 reliquerat
643 1809 706 1850 cum
717 1794 858 1851 exereitus
865 1800 961 1870 parte,
1086 1783 1094 1796 '

56 1880 90 1929 ut
99 1874 233 1948 regiones
243 1875 333 1931 victas
343 1882 372 1931 et
388 1876 441 1932 iarn
452 1873 640 1933 Romanorum
651 1884 803 1948 tuerentur,
816 1875 962 1953 negligen-

57 1963 104 2013 ter
123 1971 155 2012 se
173 1963 202 2012 et
218 1972 301 2013 avare
316 1964 434 2030 agentes
454 1958 633 2014 occasionem
653 1960 753 2014 iterum
767 1957 917 2019 Mithridati
934 1959 963 2016 in

57 2036 176 2096 Pontum
187 2038 355 2116 irrumpendi
368 2036 520 2112 dederunt,
543 2047 628 2115 atque
638 2039 675 2095 ita
687 2036 789 2096 bellum
800 2050 962 2099 renovatum

59 2130 113 2181 est.
134 2120 251 2180 Lucullo
263 2122 369 2198 paranti
381 2130 463 2197 capta
474 2121 565 2181 Nisibi
581 2129 677 2180 contra
688 2119 789 2181 Persas
806 2123 962 2201 expeditio·
973 2145 1030 2187 auu

57 2222 121 2263 nem
133 2221 286 2263 successor
297 2212 342 2263 est
355 2206 468 2263 missus.
974 2211 1021 2255 685.

122 2288 207 2347 Cur
218 2285 374 2368 lh(v111.)
396 2287 477 2347 Alter
494 2296 590 2346 autem
600 2285 748 2364 hrrcullus,
772 2306 819 2366 qur
812 2286 963 2348 Macedo
952 2314 1030 2357 -gp,

43 2373 129 2441 ‚niam
145 2369 361 2447 administrabat,
374 2371 471 2430 bessis
484 2373 589 2469 primus
601 2371 789 2431 Romanorum
800 2371 891 2431 intulit
902 2371 962 2432 bel·
973 2383 1020 2426 888.

56 2453 112 2514 lum
131 2463 215 2532 utque
226 2457 394 2531 eosingcnti
410 2454 545 2533 proelio
535 2474 563 2514 ur
575 2453 681 2514 Haemo
697 2465 793 2516 monte
810 2458 963 2533 superavit.
1105 2454 1109 2465 “

57 2537 198 2616 Oppidum
209 2538 404 2613 Uscudamam,
423 2538 500 2616 quod
510 2537 593 2596 llessi
606 2538 774 2615 habitabant,
788 2539 890 2599 eodem
902 2540 961 2615 die,

56 2638 114 2699 quo
126 2639 280 2699 aggressus
293 2630 347 2696 est,
362 2623 440 2698 vicit,
455 2620 580 2698 Cabylen
596 2623 683 2698 cepit,
704 2639 795 2699 usque
806 2622 964 2681 Danubium

55 2702 223 2781 penetravit.
243 2703 312 2764 lude
326 2703 426 2776 multas
438 2722 522 2782 supra
529 2703 646 2763 Pontum
658 2706 765 2781 positas
777 2707 904 2763 civitates
914 2723 963 2781 ag·

11 2824 16 2829 -
55 2805 173 2864 gressus
186 2797 240 2848 ast.
273 2787 336 2847 Illic
347 2788 524 2865 Apolloniam
538 2790 648 2862 evertit,
669 2785 792 2856 Calatin,
812 2785 963 2846 Partheno·

55 2870 144 2949 polin,
157 2869 272 2948 Tomos,
285 2870 629 2947 Histrum,‘Bursiaouern
646 2873 724 2948 cepit
743 2869 878 2948 belloque
896 2887 963 2930 oon·

54 2954 133 3014 lecto
148 2953 265 3013 Romam
276 2954 368 3015 rediit.
387 2955 479 3015 Ambo
490 2964 547 3015 tum
558 2956 807 3032 triumphaverunt,
818 2953 962 3030 Lucullus,

53 3032 102 3115 quii
115 3046 211 3096 contra
221 3037 398 3098 Mithridaten
410 3047 593 3117 pugnaverat,
605 3040 704 3098 maiori
715 3037 817 3115 gloria,
830 3056 893 3098 cunr
903 3047 963 3098 tan·

51 3127 145 3179 torum
154 3138 305 3198 regnorum
315 3123 408 3181 victor
418 3123 549 3183 redisset.

118 3201 204 3261 (lar.
216 3202 265 3263 xl.
279 3203 362 3284 (lx.)
384 3203 523 3264 Conlecto
536 3205 612 3264 bello
624 3204 822 3280 Macedonico,
834 3211 963 3263 manente

52 3283 259 3360 Mithridatico,
279 3287 356 3364 quod
373 3287 526 3347 recedente
539 3287 658 3348 Lucullo
672 3306 723 3348 rex
738 3288 868 3349 collectis
885 3286 962 3343 auxi·

52 3369 98 3428 liis
109 3377 299 3447 reparaverat,
312 3370 416 3428 bellum
428 3369 570 3430 Creticum
582 3381 671 3430 ortum
685 3379 738 3431 est.
764 3369 808 3428 Ad
820 3368 847 3427 id
859 3371 962 3427 missus
974 3391 1029 3434 no.

54 3453 90 3526 Q.
103 3452 246 3514 Caecilius
263 3450 397 3513 Metellus
415 3454 576 3532 ingentibus
590 3454 709 3532 proeliis
726 3455 796 3512 iutra
815 3450 960 3517 triennium
975 3459 1022 3501 686·
