2362 4036
449 332 583 394 LIBER
611 339 671 394 vlit.
969 330 1011 394 59

108 522 168 583 qne
190 504 306 563 maxima
326 501 465 561 hominum
483 517 563 578 pars,
585 498 700 558 militnm
718 514 817 560 omncs
833 499 1009 578 fcrcccpiae
1045 528 1048 542 ·

108 591 245 664 languore
261 584 427 644 defecerint.

174 670 257 733 Gur
273 667 350 727 Xffl.
372 665 481 765 Ingenti
496 683 565 744 ergo
581 663 677 724 labore
693 676 722 726 et
732 619 935 742 moderatione,
948 682 1010 725 cum

107 752 184 830 apud
197 750 382 811 Carnuntum
373 752 432 827 rugi
447 751 565 811 triennio
579 757 800 825 perseverasset,
823 748 928 809 beilum
938 747 1010 810 biar-

108 837 303 895 comannicum
319 833 451 908 confecit,
467 831 543 910 quod
554 850 617 890 cunr
627 833 671 901 hie
684 830 785 907 Quadi,
799 831 926 909 Vandali,
946 833 1009 892 Sar·

107 927 217 993 mutae,
240 919 326 978 Suevi
343 925 427 994 atque
444 917 533 975 omnis
554 914 679 974 barbaria
697 923 899 990 commoverat,
926 914 1011 974 multa

107 1002 249 1062 bominum
265 1000 339 1060 milia
361 1000 516 1074 interfecit,
542 1016 576 1058 ac
590 996 737 1057 Pannoniis
754 999 869 1058 servitio
885 997 1010 1057 liberatis

107 1085 216 1144 Romae
223 1102 317 1165 rursus
324 1101 386 1143 cum
393 1081 547 1143 Commodo
553 1081 703 1157 Antonino,
716 1079 848 1156 filiosuo,
862 1098 945 1159 quern
955 1082 1010 1140 iam

109 1167 259 1229 Caesarem
271 1166 389 1242 feceret,
406 1166 592 1244 triumphavit.
614 1163 658 1223 nd
669 1166 750 1225 buius
761 1161 832 1224 beili
840 1183 920 1223 usum
931 1180 1008 1224 aera·

107 1253 151 1313 rio
163 1251 298 1310 exhausto
310 1267 373 1308 curn
383 1249 545 1327 largitiones
556 1247 645 1308 nullas
656 1248 773 1308 haberet
783 1265 876 1325 neque
884 1246 1009 1306 indicere

109 1333 327 1413 provincialibus
338 1341 385 1392 aut
395 1334 503 1392 senatui
516 1331 619 1408 aliquid
630 1331 728 1407 vellet,
743 1332 951 1391 instrumentum
964 1332 1023 1391 rc·'

107 1419 149 1495 gii
160 1416 251 1476 cultus
262 1417 336 1476 facte
346 1418 373 1475 in
387 1416 450 1475 foro
461 1414 527 1473 Divi
537 1413 644 1473 Traiani
656 1415 782 1472 sectione
794 1413 930 1487 distraxit,
941 1429 1009 1472 vasa

108 1518 209 1575 auree,
234 1498 335 1578 pocula
354 1497 514 1573 crystallina
530 1504 558 1554 et
570 1496 724 1570 murrbina,
747 1496 872 1554 uxoriam
886 1511 920 1554 ac
931 1512 1010 1553 snam

109 1585 227 1645 sericam
243 1591 271 1642 et
282 1599 393 1641 auream
408 1589 531 1656 vestem,
553 1578 638 1638 multa
653 1586 813 1637 ornamenta
829 1594 1009 1654 gemmarum.

108 1665 152 1725 Ac
164 1683 215 1744 per
228 1665 300 1725 duos
311 1666 459 1724 continuos
469 1681 581 1723 menses
595 1680 629 1721 ea
639 1660 763 1721 venditio
773 1660 867 1725 babitu
882 1668 926 1720 est
940 1657 1009 1719 mul·

107 1758 222 1826 tumque
236 1751 294 1808 uitri
306 1746 458 1807 redactum.
489 1744 556 1808 Post
570 1747 716 1804 victoriam
731 1744 823 1803 t'arncn
836 1742 1010 1821 emptoribus

109 1835 199 1908 pretia
216 1834 346 1906 restituit,
365 1833 412 1909 qui
427 1829 545 1892 reddere
563 1825 888 1906 comparatavoluerunt
920 1824 1010 1885 fiole-

110 1911 321 1986 stusnuflifuit,
340 1910 696 1988 quimaluitsemefempta
710 1912 842 1969 retinere.
1068 1970 1070 1975 ,

173 1994 198 2053 C
205 2012 224 2054 a
232 2015 258 2055 r.
271 1993 346 2053 xlv.
367 1993 420 2053 Hic
432 1995 557 2071 permisit
567 1993 635 2052 uiris
652 1991 827 2066 clarioribus,
839 2001 869 2051 ut
881 1992 1010 2053 convivit

108 2077 211 2138 eodem
226 2077 311 2152 cuitu,
326 2094 380 2155 quc
392 2079 470 2155 ipse,
495 2085 525 2135 et
542 2077 673 2134 ministris
688 2073 824 2134 similibus
836 2075 1009 2135 exhiberent.

108 2160 140 2222 fn
155 2160 279 2221 editione
293 2178 435 2220 munerum
446 2167 512 2238 post
520 2160 665 2219 victoriam
682 2157 753 2218 adeo
764 2157 927 2234 magnificus
947 2158 1009 2233 fuit,

108 2253 139 2304 nt
155 2252 266 2308 centum
282 2243 364 2304 simul
379 2243 478 2303 leones
495 2242 657 2302 exhibuisse
673 2239 803 2300 tradatur.
838 2239 908 2302 Cum
925 2242 1010 2317 igitur
1030 2252 1058 2295 P

108 2329 274 2394 fortunatam
291 2325 501 2405 rempublicam
515 2327 655 2385 eturrtute
670 2333 699 2384 et
716 2322 925 2385 mansuetudine
947 2323 1010 2384 red·
1019 2321 1076 2364 ΟΝ·
1126 2388 1129 2394 ,

108 2410 235 2486 didisset,
255 2410 324 2469 obiit
339 2429 420 2471 xrrrr.
432 2410 541 2508 imperii
554 2425 641 2483 anuo,
661 2410 818 2484 viteeuxn,
842 2416 871 2469 et
882 2388 1074 2468 omnibus

109 2495 235 2554 certatim
246 2493 455 2554 annitentibus
447 2501 519 2553 mter
528 2490 618 2551 Divos
629 2491 734 2549 relatus
745 2499 799 2550 est.

171 2577 257 2637 (iar.
268 2576 328 2637 XV.
344 2574 438 2655 (Vll.)
459 2575 548 2635 Huius
564 2571 754 2634 successorb.
763 2572 919 2634 Antoninus
927 2571 1009 2633 Com·

106 2659 207 2719 modus
221 2658 289 2719 nihii
302 2668 446 2737 paternum
458 2658 569 2733 babuit,
593 2658 646 2717 nisi
664 2654 740 2734 quod
751 2663 847 2714 contra
858 2653 1012 2716 Germanos
1088 2706 1091 2713 .

108 2743 230 2807 feliciter
244 2744 347 2820 etipse
364 2744 504 2819 pugnavit.
524 2739 717 2819 Septembrem
729 2754 852 2796 mensem
863 2736 898 2796 ad
909 2753 1011 2797 nomen

108 2844 189 2886 suum
211 2826 362 2884 transferre
390 2833 505 2885 conatus
528 2833 586 2899 est,
620 2831 648 2882 nt
671 2819 839 2881 Commodus
860 2819 1010 2881 diceretur.

109 2907 170 2968 Sed
186 2907 294 2968 luxuria
313 2918 342 2967 et
359 2908 533 2968 obscenitate
554 2908 720 2984 depravatus
740 2902 912 2981 gladiatoriis
928 2905 1012 2965 mutis

108 2992 275 3069 saepissime
288 2993 316 3050 in
329 2991 412 3067 ludo,
434 2990 570 3069 deinceps
586 2991 670 3049 etiam
684 2990 712 3047 iu
728 2987 930 3064 amphitheatro
948 3004 1011 3048 cum

108 3072 265 3135 huiusmodi
271 3035 438 3138 ,hominibbs
450 3074 599 3135 dimicavit
621 3071 697 3134 Obiit
707 3079 798 3131 morte
812 3071 914 3147 subita,
926 3079 1011 3149 atquc
1034 3090 1061 3134 ιι.

108 3155 197 3234 adeo,
224 3165 252 3216 ut
268 3157 454 3236 strangulatus
476 3157 524 3216 vel
540 3173 649 3217 veneno
670 3154 836 3214 interfectus
857 3159 1077 3272 putaretnnctt·

109 3259 173 3301 cum
192 3242 270 3300 annis
286 3261 328 3302 ιιι
346 3249 411 3318 post
428 3249 533 3318 patrem
550 3249 579 3300 et
595 3259 648 3300 vrrr
667 3238 810 3299 mensibus
832 3227 1070 3313 imperasset,m

107 3333 184 3384 mota
195 3325 390 3384 exsecratione
404 3326 534 3402 omnium,
549 3332 579 3383 ut
588 3324 678 3383 bostis
688 3322 798 3382 humani
809 3319 1011 3399 generisctiam
1115 3370 1121 3381 .

108 3416 234 3470 mortuus
250 3406 427 3467 iudicaretur.

172 3488 255 3553 Cer.
265 3488 341 3552 xv1.
353 3489 460 3571 (vill.)
483 3489 556 3551 Ifuic
566 3490 705 3551 successit
719 3487 858 3567 Pertinax,
874 3483 1009 3566 grandm-
