2362 4036
173 303 218 369 12
517 306 737 364 u'uunoutl

141 489 143 493 ’
173 481 250 546 stes,
270 486 333 529 eum
344 479 425 548 pater
438 471 465 530 ei
477 467 850 544 Fabiunllarimuslegatus
868 465 948 527 datus
967 466 1082 542 inisset,

173 563 203 615 et
212 555 349 613 Sannitus
363 556 441 629 vicit,
454 563 483 614 et
497 554 614 632 plurima
625 570 722 612 eorum
737 550 841 628 oppida
853 552 939 628 oepit.
971 549 1084 611 Deinde

170 634 201 698 Ρ.
210 635 491 713 ComelinsRulinus,
499 636 607 697 llanius
615 634 716 695 Curius
723 635 871 709 Dentatus,
883 633 965 693 ambo
977 648 1083 693 eonsu-

170 720 225 796 les,
237 727 334 779 eontra
346 720 483 780 Samnitas
501 722 579 779 missi
596 719 757 796 ingentibus
777 717 894 794 proeliis
913 731 966 775 eos
982 716 1083 777 eonio·

172 820 249 864 esre
282 801 351 862 'lum
368 803 472 863 bellum
493 821 556 862 oum
571 802 739 861 Samnitibus
759 817 915 879 perennes
931 817 1038 858 novem
1055 810 1084 859 et

171 892 209 946 xv.
226 895 317 945 aetum
334 887 514 946 sustulerunt.
547 885 647 962 Neque
664 884 736 944 ullus
757 885 848 943 bostis
867 883 919 942 iuit
938 885 1010 942 intra
1028 880 1082 943 lta·

171 968 246 1044 liam,
259 971 305 1047 qui
321 969 472 1028 Romanam
484 971 613 1028 virtutem
624 970 713 1044 magis
729 968 910 1043 fatigaverit.
1051 974 1054 983 ’

104 1077 158 1122 vno.
237 1052 322 1113 cnr.
333 1052 370 1112 X.
391 1051 550 1112 lnterieetis
567 1050 674 1130 aliquot
685 1069 763 1111 annus
774 1053 874 1109 uterum
892 1067 925 1108 se
936 1046 1082 1108 Gallorum

5 1202 10 1210 ,
112 1143 159 1187 att
153 1137 275 1213 copiae
290 1144 386 1195 eontra
403 1134 545 1195 Romanos
557 1133 658 1194 Tuscis
675 1133 902 1210 Samnitibusque
918 1135 1080 1208 iunxerunt,

171 1217 223 1277 sed
234 1235 297 1275 eum
308 1217 425 1275 Romam
436 1217 593 1295 tenderent,
606 1215 687 1280 aCn.
698 1215 832 1276 Cornelio
844 1214 993 1276 Dolabella
1010 1232 1080 1276 eon·

170 1299 232 1367 sule
245 1298 357 1358 deletae
369 1308 440 1359 sunt.

102 1397 179 1437 a..-n
232 1381 321 1442 Gne.
336 1381 388 1443 Xl
399 1382 499 1465 (vl.)
502 1381 611 1445 Eodem
627 1393 756 1462 tempore
773 1346 939 1458 Tarentinis,
959 1381 1006 1459 qui
1024 1382 1080 1442 iam

112 1462 160 1508 ⁴⁷¹·
170 1467 199 1527 in
209 1465 304 1526 ultima
315 1466 395 1528 ltalia
406 1478 480 1544 sunt,
495 1459 598 1528 bellum
609 1468 742 1529 indictum
756 1476 810 1542 est,
831 1468 895 1544 qnia
906 1466 1008 1542 legatis
1020 1465 1080 1526 Ro-

170 1568 313 1610 manorum
328 1553 454 1610 iniuriam
476 1553 621 1612 iecissent
653 1551 687 1610 lli
699 1551 848 1625 Pyrrhum,
870 1548 950 1627 Epiri
967 1566 1079 1625 regem,

171 1642 267 1691 eontra
288 1632 431 1691 Romanos
453 1633 583 1691 auxilium
606 1641 816 1708 poposnemnt,
843 1634 890 1706 qui
913 1648 1080 1704 exgenere

170 1713 288 1773 Achiuis
303 1716 440 1788 originem
453 1713 588 1773 trahebat.
620 1711 647 1771 ls
662 1729 727 1770 mox
738 1713 773 1770 ad
784 1710 891 1770 ltaliam
901 1713 987 1786 venit,
1006 1721 1080 1772 tum·

171 1814 227 1875 que
237 1797 353 1873 primum
364 1794 481 1854 Romani
493 1805 555 1853 eum
567 1796 747 1855 transmarino
763 1794 846 1853 hoste
865 1791 1079 1858 dimicaverunt.

1 1949 2 1954 .
170 1880 274 1939 blissus
287 1886 331 1938 est
342 1887 439 1937 eontra
446 1896 509 1937 eum
516 1878 616 1937 consul
627 1877 790 1941 RValerius
796 1875 944 1951 Laevinus,
955 1876 1002 1953 qni
1012 1892 1080 1937 oum

78 2028 81 2033 ,
171 1961 367 2039 exploratores
383 1960 483 2038 Pyrrhi
497 1964 641 2039 cepisset,
663 1963 745 2021 iussit
764 1979 815 2020 eos
832 1978 885 2038 per
896 1968 987 2019 eastra
999 1958 1077 2036 duci,

171 2045 283 2106 ostendi
295 2061 408 2105 omnem
423 2048 587 2122 exereitum,
601 2055 714 2124 tumque
726 2043 834 2120 dimitti,
846 2052 877 2103 ut
887 2044 1080 2103 renuntiarent

169 2128 287 2206 Pvmbo,
297 2145 486 2208 quaeeunque
502 2129 822 2206 aRomanisagerentur.
846 2126 1080 2187 Commissamox

170 2231 275 2292 pugna,
289 2231 351 2272 eum
362 2215 417 2271 inm
423 2211 546 2285 Pyrrhus
558 2212 681 2290 fugeret,
695 2212 907 2291 elephantorum
918 2208 1020 2271 auxilio
1034 2211 1078 2269 vi-

171 2299 224 2371 eit,
248 2311 320 2374 quos
337 2295 497 2370 incognitos
509 2293 626 2355 Romani
638 2304 821 2373 expaverunt
855 2294 913 2353 Sed
924 2312 980 2352 nox
992 2310 1077 2372 proe-

170 2378 208 2437 lio
228 2378 310 2436 iurem
325 2375 415 2444 dedit;
434 2374 572 2436 Laevinus
592 2385 685 2436 tamen
703 2386 881 2456 pernoctem
899 2376 986 2459 fugit,
1009 2376 1077 2452 Pyr·

168 2454 236 2520 rbus
247 2458 390 2518 Romanos
402 2459 468 2518 mile
482 2462 662 2537 octingentos
681 2462 758 2538 oepit
770 2477 881 2538 eosque
898 2476 1005 2519 summo
1024 2461 1077 2520 bo·

169 2558 239 2601 nore
250 2544 388 2620 tractavit,
407 2545 521 2603 occisos
533 2542 676 2622 sepelivit.
710 2543 790 2616 Quos
809 2561 871 2603 eum
884 2543 1078 2604 adversovul·

169 2642 237 2684 nere
253 2635 282 2685 et
298 2628 369 2686 truei
387 2626 464 2686 vultu
477 2628 720 2697 etiammortuos
712 2644 805 2687 reeere
818 2627 953 2703 vidisset,
975 2626 1077 2687 tulisse

168 2708 204 2768 ed
223 2709 333 2769 eoelum
350 2728 446 2770 manus
464 2709 566 2770 dieitur
582 2728 645 2770 oum
661 2711 714 2791 bae
728 2727 818 2771 voee:
836 2731 870 2772 se
885 2713 974 2772 totius
991 2711 1079 2771 ordia

170 2793 322 2853 dominum
336 2813 403 2854 esne
410 2797 556 2874 potuisse,
568 2796 596 2854 ei
607 2795 748 2855 tolessibt'
759 2797 865 2857 milites
873 2796 1076 2873 eontiqa'ssett'l.

101 2893 158 2938 uo.
233 2874 396 2936 clnxll.
412 2875 505 2955 (Vll.)
528 2876 629 2955 Postea
644 2876 765 2953 Pyrrhus
783 2880 884 2937 iunetis
903 2878 956 2936 sibi
968 2876 1077 2936 Samni·

110 2961 157 3004 ⁴²2·
169 2958 260 3033 tibus,
281 2957 399 3018 Lucanis
416 2960 587 3039 Bruttiisque
603 2960 719 3021 Romam
737 2963 870 3039 perrexit,
892 2962 982 3021 omnia
999 2960 1078 3020 torro

162 3043 285 3119 ignique
303 3045 437 3118 vastavit,
459 3042 636 3122 Campaniam
661 3044 848 3123 depopulatus
871 3053 916 3104 est
937 3053 1021 3121 atque
1041 3043 1079 3104 ad

168 3123 339 3184 Praenesten
354 3128 431 3185 venit
449 3127 567 3187 miliario
587 3128 622 3187 ab
647 3129 716 3189 urbe
735 3137 837 3188 ootavo
857 3127 977 3188 deeimo.
1008 3126 1078 3188 lllox

168 3218 278 3269 terrore
288 3211 440 3286 exereitus,
459 3213 506 3288 qui
518 3229 581 3271 eum
593 3213 711 3272 consule
723 3212 904 3290 sequebatur,
917 3213 945 3271 in
956 3209 1077 3288 Campa·

167 3295 242 3353 niam
252 3311 285 3352 se
296 3294 414 3370 reoepit.
446 3291 545 3370 Legati
564 3291 744 3370 aderrlrum
755 3295 790 3354 de
801 3293 971 3355 redimendis
987 3296 1077 3372 capti·

59 3447 64 3453 ἢ
167 3376 213 3434 vis
220 3377 298 3436 missi
308 3376 343 3436 ab
355 3394 392 3435 eo
403 3376 694 3455 honoriiieezsnseepti
706 3388 779 3438 sunt.
792 3377 926 3458 Captivos
938 3381 999 3438 sine
1011 3395 1077 3456 pre·

168 3458 208 3517 tio
227 3458 343 3520 Romam
360 3461 444 3520 misit.
466 3459 567 3520 ¹Unum
585 3478 621 3519 ex
639 3462 740 3537 legatis
754 3461 956 3538 Romanomm,
979 3460 1076 3522 Fabri·
