2362 4036
408 313 552 370 arsen
583 314 602 370 ι,
751 290 755 297 ’
949 308 970 369 5

58 475 229 553 aedificavit,
246 475 329 536 iudos
340 475 484 536 Romanos
498 477 634 549 instituit,
652 473 700 553 qui
717 472 752 533 ad
768 484 892 534 nostram
910 493 968 536 me·

11 578 44 641 ρ
57 563 175 620 moriam
185 569 358 638 permanent.
390 558 465 617 Vicit
481 558 556 617 idem
568 560 651 617 etiam
663 558 784 617 Sabinus
803 566 832 617 et
850 574 906 617 non
919 575 967 636 pa·

56 662 120 704 rum
131 659 273 721 agrorum,
286 642 425 702 sublatum
436 641 545 716 iisdem,
558 642 634 700 urbis
646 638 753 702 Romae
764 643 906 702 territorio
918 640 965 701 ad·

57 729 158 803 iunxit,
171 729 334 804 primusque
347 726 519 802 triumphans
530 725 628 784 urbem
639 726 760 784 intravit.
789 723 885 784 biuros
896 725 966 784 iecit

58 820 91 871 et
104 811 229 886 cloacas,
243 807 409 887 Capitolium
421 809 570 868 inchoavit.
591 806 751 884 Trigesimo
764 816 865 868 octavo
877 810 964 885 impe·

57 896 94 954 rii
112 910 184 954 anno
203 911 255 971 per
267 891 337 952 Anci
349 892 622 967 dliosuccisusest,
645 893 724 969 regis
743 892 816 966 eius,
839 893 884 949 cui
901 893 965 968 ipse

58 985 249 1037 successerat.

11 1084 17 1097 '
125 1091 207 1152 Cur.
221 1088 283 1153 vn.
300 1092 380 1173 (Vi.)
402 1091 470 1152 Post
486 1092 560 1153 bunc
576 1091 692 1150 Servius
711 1088 819 1149 Tullius
837 1091 963 1168 suscepit
973 1094 1029 1135 MJ-

59 1175 217 1254 imperium,
230 1180 342 1253 genitus
357 1194 393 1235 ex
404 1174 490 1235 nobili
504 1174 618 1248 semina,
638 1177 748 1251 captiva
760 1184 851 1233 tamen
868 1183 896 1232 et
915 1191 962 1232 an·
977 1161 1024 1204 ¹⁷⁶·

11 1304 17 1313 .
60 1258 136 1319 ciila.
161 1254 215 1318 Hic
227 1276 341 1339 quoque
357 1260 477 1319 Sabinos
489 1258 612 1334 subegit,
628 1267 740 1316 montes
751 1267 820 1333 tres,
834 1256 962 1329 Quirina·

59 1342 133 1418 lem,
145 1340 320 1419 viminalem,
336 1342 523 1421 Esquilinum,
544 1341 605 1401 urbi
616 1340 755 1416 adiunxit,
776 1340 871 1401 iossas
889 1341 965 1399 eirea

18 1448 21 1453 ·
59 1442 169 1485 murum
185 1425 271 1484 duxit.
294 1425 402 1485 Primus
414 1425 535 1482 omnium
554 1439 668 1480 censum
686 1422 839 1496 ordinavit,
860 1424 906 1499 qui
918 1422 965 1480 ad·

59 1509 118 1570 huc
134 1524 186 1584 per
203 1507 300 1565 orbem
318 1517 453 1566 terrarum
470 1505 629 1582 incognitus
647 1512 715 1562 erat.
746 1504 805 1563 Sub
824 1520 860 1563 eo
878 1504 980 1564 Roma'

61 1589 191 1649 omnibus
203 1591 231 1648 in
244 1607 359 1649 censum
371 1589 471 1650 delatis
483 1586 577 1647 babuit
589 1589 709 1664 capitum
721 1606 826 1647 emim
838 1587 912 1646 milia
927 1589 966 1646 ci·

61 1677 136 1733 vium
147 1671 335 1733 Romanorum
347 1692 409 1733 cum
421 1674 470 1748 iis,
490 1674 537 1749 qui
548 1674 575 1731 in
587 1672 662 1748 agris
674 1679 759 1732 erant.
789 1670 909 1731 Occisus
923 1679 967 1730 cst

60 1776 126 1817 xcv.
139 1757 249 1833 imperii
261 1772 334 1818 anno
346 1757 457 1818 scelere
466 1758 565 1834 generi
577 1753 780 1832 sui'Parquinii,
790 1754 837 1814 dlii
850 1756 910 1814 eius
921 1773 964 1813 re·

10 1834 47 1911 )
62 1841 119 1919 gis,
135 1841 181 1899 eui
195 1841 257 1916 ipse
272 1848 461 1917 successerat,
475 1848 503 1898 et
516 1839 601 1915 filiae,
613 1856 694 1915 quam
701 1837 866 1918 Tarquinius
879 1838 965 1897 habe·

63 1924 113 1984 bat
123 1939 248 1982 uxorem.
961 1946 965 1961 ν

126 2052 298 2118 camvill.
318 2047 412 2129 (Vll.)
441 2050 722 2127 Luciusi'arquinius
737 2051 898 2128 Superbus,
918 2071 963 2114 se·

62 2141 165 2220 ptimus
177 2149 261 2217 atque
271 2136 382 2196 ultimus
394 2152 503 2213 regum,
519 2134 653 2209 Volscos,
667 2151 740 2210 quae
751 2151 823 2210 gens
834 2134 870 2192 ad
884 2134 963 2195 Cam·
978 2157 1034 2200 au.
1102 2144 1108 2151 '

61 2225 173 2303 panium
184 2221 314 2281 euntibus
331 2232 387 2274 non
398 2220 485 2295 longe
499 2218 533 2277 ab
552 2216 620 2276 urbe
632 2226 691 2293 est,
708 2218 786 2291 vicit,
803 2216 908 2278 Gabios
924 2219 963 2277 ci·
979 2224 1026 2266 Μ·

60 2309 176 2366 vitatem
188 2313 216 2363 et
227 2303 359 2362 Suessam
376 2298 525 2361 Pometiam
537 2301 660 2376 subegit,
681 2319 743 2360 cum
755 2299 855 2361 Tuscis
868 2317 968 2378 pacem
1035 2358 1039 2365 .

61 2391 142 2464 iecit,
153 2397 182 2447 et
197 2385 331 2464 templum
342 2381 403 2444 lovi
415 2387 442 2445 in
456 2383 596 2462 Capitolio
607 2384 774 2445 aedificavit.
802 2383 905 2443 Postea
915 2382 968 2443 Δι’-

63 2473 144 2532 deam
155 2486 333 2550 oppugnans,
350 2469 377 2528 in
390 2468 614 2528 octavodecimo
628 2468 746 2527 miliario
764 2468 799 2527 ab
811 2468 880 2527 urbe
890 2469 968 2545 posi·

62 2565 118 2616 tam
130 2557 279 2629 civitatem,
293 2555 440 2630 imperium
452 2551 583 2630 perdidit.
607 2551 677 2611 Nam
689 2569 752 2609 cum
763 2550 835 2610 iilius
848 2552 920 2627 eius,
939 2558 969 2610 ct
1055 2606 1061 2613 .
1097 2620 1099 2627 ,

62 2641 126 2717 ipse
137 2637 314 2716 Tarquinius,
324 2638 426 2711 iunior,
443 2635 645 2695 nobilissimam
656 2634 787 2693 ieminam
800 2633 966 2709 Lucretiam,
1084 2632 1087 2639 '

64 2721 237 2799 eandemque
252 2719 470 2799 pudicissimam,
494 2717 623 2778 Collatini
640 2734 775 2792 uxorem,
800 2726 967 2796 stuprasset,

64 2820 156 2880 eaque
170 2804 206 2862 dc
225 2805 323 2865 iniuria
335 2805 433 2864 marito
449 2811 479 2863 et
496 2804 567 2880 patri
585 2811 614 2861 et
628 2803 726 2861 amicis
744 2811 843 2879 questa
855 2801 966 2877 fuisset,

63 2890 93 2946 in
111 2888 230 2945 omnium
247 2894 402 2964 conspectu
419 2905 451 2946 ae
464 2884 578 2946 occidit.
612 2885 730 2964 Propter
741 2903 823 2965 quam
839 2903 968 2945 caussam

62 2969 176 3045 Brutus,
198 2986 299 3048 pareus
317 2980 345 3030 et
359 2973 423 3049 ipse
434 2969 592 3050 Tarquinii,
616 2968 751 3047 populum
771 2971 922 3030 concitavit
939 2976 968 3029 et
1005 2972 1013 2987 ‘

61 3052 215 3130 Tarquinio
230 3053 333 3113 ademit
345 3055 500 3134 imperium.
528 3051 596 3112 biox
607 3054 748 3112 exercitus
759 3068 874 3131 quoque
891 3071 965 3127 eum,

60 3138 112 3215 qui
125 3137 264 3195 civitatem
274 3136 394 3197 Ardeam
406 3154 470 3196 cum
481 3139 544 3215 ipso
555 3155 625 3213 rege
636 3138 826 3214 oppugnabat,
838 3136 967 3213 reliquit;

61 3221 238 3296 veniensque
256 3219 291 3277 ad
311 3220 410 3280 urbem
433 3239 484 3279 rex
507 3222 597 3298 portis
619 3219 722 3280 clausis
750 3219 883 3279 exclusus
910 3226 965 3292 est,

25 3302 45 3339 ⁹
62 3320 183 3380 cumque
202 3303 369 3379 imperasset
385 3320 472 3362 annos
491 3305 740 3381 vigintiquinque,
762 3322 824 3362 cum
839 3317 928 3360 uxore
940 3308 969 3358 et

61 3386 160 3446 liberis
175 3389 234 3445 suis
249 3385 331 3462 fugit.
353 3383 394 3444 lto
405 3385 511 3446 Romae
522 3397 666 3464 regnatum
683 3396 728 3446 est
740 3403 792 3463 per
803 3393 912 3459 septem
924 3399 968 3441 re·

64 3488 116 3546 pes
127 3472 206 3530 annis
217 3469 346 3529 ducentis
358 3468 540 3547 quadraginta
559 3471 665 3543 tribus,
684 3486 748 3526 cum
766 3465 856 3525 adhue
868 3463 967 3543 Roma,
