2362 4036
242 319 264 381 4
586 323 827 409 aurnonrr

304 483 390 546 Car,
407 480 443 542 ll.
457 481 510 561 (l.)
536 482 653 544 Condita
672 487 795 561 civitate,
811 503 894 563 quam
912 503 948 544 ex
964 490 1085 547 nomine
1102 504 1139 548 snt

240 567 490 642 Romamvooavit,
504 567 576 628 haec
587 569 648 626 lere
661 571 729 645 egit
755 568 959 628 Multitudinem
972 569 1140 632 finitimorun

151 686 154 697 ·
240 653 268 711 in
276 653 422 709 civitatem
433 653 553 727 recepit,
574 660 683 709 centum
696 670 732 710 ex
748 652 908 711 senioribus
920 651 1007 729 legit,
1033 672 1142 732 quorun

240 732 361 793 oonsilio
374 735 465 794 omnia
478 743 591 810 ageret,
609 751 681 811 quos
701 745 847 801 senatores
866 737 1020 796 nominavit
1036 746 1143 816 propter

241 825 424 878 senectutem.
449 816 534 887 Tum,
558 834 622 876 cum
633 835 737 878 uxores
750 819 813 895 ipse
826 827 854 877 ot
871 815 1005 896 populus
1008 839 1084 881 suus
1101 837 1143 882 nor

194 962 199 969 ,
240 898 387 974 haberent,
406 902 531 959 invitavit
548 899 582 958 ad
597 901 790 978 spectaculum
807 901 934 960 ludorum
951 904 1066 963 vicinas
1079 905 1143 976 urbis

140 1032 147 1037 .
241 983 348 1043 Romae
363 985 502 1058 nationes,
518 992 601 1061 atque
614 1001 709 1043 earum
723 987 847 1061 virgines
859 988 959 1062 rapuit.
994 972 1142 1047 Commota

241 1067 326 1127 bellis
344 1075 460 1143 propter
471 1076 610 1143 raptarum
625 1069 769 1143 iniuriam,
782 1067 974 1129 Caeninenses
986 1071 1078 1146 vicit,
1100 1071 1142 1130 llu-

242 1157 391 1221 temnates,
418 1148 621 1224 Crustuminos,
648 1152 785 1226 Sabinos,
808 1150 977 1226 Fidenates,
1000 1151 1142 1217 Veientes

241 1231 319 1290 llaec
337 1233 429 1289 omnia
448 1232 552 1310 oppida
570 1233 667 1292 urbem
685 1236 808 1311 cingunt.
839 1235 955 1294 Etcum
975 1245 1037 1294 orta
1058 1239 1142 1297 subito

240 1323 410 1392 tempestate
427 1331 483 1374 non
504 1319 724 1393 comparuisset,
747 1334 818 1376 anno
838 1321 918 1394 regni
937 1319 1090 1395 trigesimo
1108 1337 1145 1380 se·

243 1399 329 1475 ptimo
344 1397 378 1456 ad
391 1396 602 1459 deostransisse
612 1401 735 1460 creditus
746 1410 789 1460 est
798 1410 1024 1460 etconsecratus.
1037 1402 1144 1463 Deinde

241 1483 350 1543 Romae
362 1500 414 1559 per
432 1487 533 1560 quinos
548 1483 610 1543 dies
623 1494 769 1544 senatores
780 1487 987 1562 imperaverunt
1003 1494 1032 1543 et
1050 1487 1097 1546 his
1108 1505 1144 1551 re,

239 1566 389 1642 guantibus
400 1584 488 1624 annus
500 1585 570 1625 unus
583 1568 741 1641 completus
754 1579 806 1626 est.

172 1675 229 1716 ,ω
307 1647 394 1704 Cor.
406 1644 455 1706 111.
469 1645 550 1724 (ll.)
569 1646 670 1704 Postea
686 1647 775 1706 Numa
792 1647 945 1724 Pompilius
966 1665 1018 1706 rex
1035 1661 1146 1733 creatus

188 1750 221 1794 su
239 1737 293 1804 est,
307 1747 354 1806 qur
348 1726 471 1786 'bellum
484 1726 596 1806 quidem
607 1727 712 1787 nullum
723 1732 824 1804 gessit,
844 1729 895 1789 sed
906 1747 961 1788 non
973 1732 1065 1790 minus
1082 1736 1146 1795 ciri·

238 1814 297 1887 tati,
319 1828 402 1888 quam
412 1809 559 1884 Romulus,
571 1810 687 1908 profuit.
720 1811 789 1871 Nam
802 1822 830 1871 et
847 1812 929 1888 leges
940 1811 1077 1879 Romanis
1090 1834 1148 1877 mo
1165 1815 1173 1832 '

207 1942 209 1947 .
236 1912 342 1972 resque
355 1895 510 1969 constitnit,
530 1913 579 1972 qur
571 1895 796 1967 consuetudine
808 1896 1003 1974 proeliorum'
995 1913 1050 1953 ram
1063 1897 1148 1959 latro·

235 1983 287 2038 nes
300 1995 333 2037 ac
344 1978 526 2038 semibarbari
538 1979 717 2077 putabantur,
735 1989 764 2038 et
774 1998 873 2039 annum
883 1979 1070 2063 descripsits
1061 2000 1091 2041 ιιι
1101 1983 1147 2042 de·

239 2080 302 2121 cem
313 2080 425 2127 menses
438 2065 516 2139 prius
528 2065 589 2121 sine
606 2062 699 2140 aliqua
712 2050 922 2142 computatione
932 2054 1098 2143 confusum,
1121 2074 1147 2125 et

237 2147 344 2206 infinita
359 2145 466 2205 Rornae
478 2163 559 2205 sacra
570 2164 603 2204 ac
618 2145 722 2224 templa
741 2149 893 2208 constituit.
926 2142 1027 2206 Morbo
1044 2146 1146 2208 daces

237 2234 273 2290 sit
285 2229 500 2309 quadragesimo
514 2232 618 2288 tertio
611 2232 722 2307 imperii
736 2248 818 2289 anno.

169 2335 225 2381 ιιι,
305 2312 392 2371 Car.
409 2309 454 2369 lV.
469 2308 558 2388 (lll.)
574 2311 645 2369 Huic
658 2317 798 2371 successit
816 2312 912 2370 Tullus
924 2311 1071 2374 Hostilius.
1096 2313 1147 2373 llic

186 2403 219 2444 ⁸2·
237 2392 473 2471 bellareparavit,
493 2391 617 2452 Albanos
628 2396 713 2470 vicit,
736 2397 784 2472 qui
796 2395 830 2454 ab
842 2395 912 2454 urbe
925 2394 1017 2454 Roma
1027 2415 1080 2455 ιιι.
1098 2400 1145 2457 mi·
1171 2446 1173 2453 .

236 2477 317 2536 llario
336 2485 408 2551 sunt,
431 2475 566 2535 Veientes
580 2486 608 2536 et
622 2475 788 2555 Fidenates,
809 2495 926 2557 quorum
939 2478 984 2538 alii
996 2489 1080 2548 sexto
1098 2483 1146 2540 mi·

236 2559 316 2619 liario
329 2560 430 2619 absunt
441 2559 475 2618 ab
489 2559 558 2618 urbe
572 2559 676 2636 Roma,
694 2561 741 2623 alii
753 2572 854 2623 octavo
867 2561 989 2637 decimo,
1008 2561 1088 2622 bello
1102 2583 1146 2623 su·

238 2646 355 2722 peravit,
370 2643 467 2703 urbem
478 2642 619 2719 ampliavit
635 2605 748 2704 adlecto
761 2645 860 2706 Coelio
873 2655 977 2705 monte.
1010 2644 1079 2704 Cum
1099 2650 1146 2707 tri·
1158 2694 1162 2703 .

236 2730 313 2806 ginta
325 2727 434 2786 duobus
445 2729 523 2786 annis
534 2738 699 2806 regnasset,
713 2729 847 2790 iulmine
840 2736 912 2789 rc'tus
924 2748 986 2789 cum
987 2728 1085 2789 domo
1097 2748 1147 2793 sua

237 2814 313 2871 arsit,

169 2926 253 2966 pu,
299 2895 386 2954 Cra.
398 2894 433 2956 V.
447 2893 526 2974 (lv.)
550 2894 618 2954 Post
633 2896 814 2957 hunodncus
829 2895 963 2972 lllarcius,
983 2894 1093 2957 Numae
1112 2915 1147 2957 ex

177 2994 221 3035 ιιι
238 2976 294 3036 lilia
305 2994 409 3056 nepos,
423 2981 570 3055 suscepit
562 2982 719 3055 imperium
742 2979 845 3041 Contra
856 2979 970 3040 Latinos
988 2977 1145 3056 dimicavit,

236 3061 405 3120 Aventinum
424 3070 547 3137 montem
574 3065 679 3122 civitati
699 3063 803 3124 adiecit
826 3073 855 3123 et
872 3061 1044 3139 Ianiculum,
1069 3063 1147 3142 apud

236 3146 340 3204 ostium
350 3143 460 3204 Tiberis
473 3146 615 3205 civitatem
626 3165 711 3224 supra
728 3166 805 3207 mare
823 3146 1032 3207 sextodecimo
1054 3147 1145 3209 milia·

236 3231 281 3289 rio
292 3228 328 3287 ab
339 3228 409 3287 urhe
421 3228 511 3288 Roma
523 3229 655 3309 condidit.
684 3230 831 3308 vigesimo
848 3240 947 3309 quarto
965 3246 1038 3290 anno
1052 3232 1146 3309 impe·

236 3314 270 3372 rii
282 3312 382 3372 morbo
394 3314 488 3390 periit.
1170 3318 1173 3325 '

168 3422 224 3463 ιιι.
297 3396 380 3459 Car.
392 3393 513 3476 vim.)
534 3396 645 3457 Deinde
664 3414 783 3475 regnum
792 3397 906 3459 Priscus
917 3395 1086 3475 Tarquinius
1097 3417 1145 3460 acn

168 3499 214 3544 ιιι,
237 3480 322 3558 oepit.
349 3479 402 3540 llic
413 3498 555 3560 numerum
568 3489 727 3542 senatorum
739 3481 902 3561 duplicavit,
916 3483 1022 3551 circum
1032 3481 1146 3544 Romae
