<?xml version="1.0" encoding="UTF-8"?>
<!DOCTYPE html PUBLIC "-//W3C//DTD XHTML 1.0 Transitional//EN"
    "http://www.w3.org/TR/xhtml1/DTD/xhtml1-transitional.dtd">
<html xmlns="http://www.w3.org/1999/xhtml" xml:lang="en" lang="en">
 <head>
  <title>
</title>
<meta http-equiv="Content-Type" content="text/html;charset=utf-8" />
  <meta name='ocr-system' content='tesseract 3.04.00' />
  <meta name='ocr-capabilities' content='ocr_page ocr_carea ocr_par ocr_line ocrx_word'/>
</head>
<body>
  <div class='ocr_page' id='page_1' title='image "./breviariumhisto00eutrgoog_0070.png"; bbox 0 0 2362 4036; ppageno 0'>
   <div class='ocr_carea' id='block_1_1' title="bbox 364 313 1112 417">
    <p class='ocr_par' dir='ltr' id='par_1_1' title="bbox 364 313 1112 417">
     <span class='ocr_line' id='line_1_1' title="bbox 364 313 1112 417; baseline 0.008 -8"><span class='ocrx_word' id='word_1_1' title='bbox 364 320 367 325; x_wconf 49' lang='lat'><em>&#39;</em></span> <span class='ocrx_word' id='word_1_2' title='bbox 427 336 669 417; x_wconf 72' lang='lat' dir='ltr'>&#39;urrunnu</span> <span class='ocrx_word' id='word_1_3' title='bbox 968 313 1014 416; x_wconf 37' lang='lat'>53¹</span> <span class='ocrx_word' id='word_1_4' title='bbox 1109 389 1112 395; x_wconf 61' lang='lat'>=</span> 
     </span>
    </p>
   </div>
   <div class='ocr_carea' id='block_1_2' title="bbox 88 480 1166 3173">
    <p class='ocr_par' dir='ltr' id='par_1_2' title="bbox 88 480 1010 1178">
     <span class='ocr_line' id='line_1_2' title="bbox 176 480 1010 584; baseline 0.008 -10"><span class='ocrx_word' id='word_1_5' title='bbox 176 513 262 584; x_wconf 80' lang='lat' dir='ltr'>Gur.</span> <span class='ocrx_word' id='word_1_6' title='bbox 276 511 367 575; x_wconf 85' lang='lat' dir='ltr'><strong>XXII.</strong></span> <span class='ocrx_word' id='word_1_7' title='bbox 381 513 443 574; x_wconf 90' lang='lat' dir='ltr'>·Per</span> <span class='ocrx_word' id='word_1_8' title='bbox 452 517 523 576; x_wconf 89' lang='lat' dir='ltr'>haec</span> <span class='ocrx_word' id='word_1_9' title='bbox 534 518 663 577; x_wconf 88' lang='lat' dir='ltr'>inusitato</span> <span class='ocrx_word' id='word_1_10' title='bbox 675 516 770 577; x_wconf 86' lang='lat' dir='ltr'>favore</span> <span class='ocrx_word' id='word_1_11' title='bbox 783 517 900 579; x_wconf 79' lang='lat' dir='ltr'>dllectus</span> <span class='ocrx_word' id='word_1_12' title='bbox 911 480 1010 580; x_wconf 72' lang='lat' dir='ltr'>morbd</span> 
     </span>
     <span class='ocr_line' id='line_1_3' title="bbox 88 584 1007 680; baseline 0.005 -22"><span class='ocrx_word' id='word_1_13' title='bbox 88 584 95 627; x_wconf 71' lang='lat' dir='ltr'>l</span> <span class='ocrx_word' id='word_1_14' title='bbox 110 599 195 676; x_wconf 82' lang='lat' dir='ltr'>periit</span> <span class='ocrx_word' id='word_1_15' title='bbox 212 599 240 657; x_wconf 90' lang='lat' dir='ltr'>in</span> <span class='ocrx_word' id='word_1_16' title='bbox 252 617 295 674; x_wconf 88' lang='lat' dir='ltr'>ea,</span> <span class='ocrx_word' id='word_1_17' title='bbox 315 616 369 676; x_wconf 81' lang='lat' dir='ltr'>qua</span> <span class='ocrx_word' id='word_1_18' title='bbox 381 606 469 676; x_wconf 92' lang='lat' dir='ltr'>pater,</span> <span class='ocrx_word' id='word_1_19' title='bbox 487 600 552 660; x_wconf 85' lang='lat' dir='ltr'>villa</span> <span class='ocrx_word' id='word_1_20' title='bbox 567 611 631 678; x_wconf 85' lang='lat' dir='ltr'>post</span> <span class='ocrx_word' id='word_1_21' title='bbox 645 600 794 678; x_wconf 82' lang='lat' dir='ltr'>biennium,</span> <span class='ocrx_word' id='word_1_22' title='bbox 807 618 920 677; x_wconf 81' lang='lat' dir='ltr'>menses</span> <span class='ocrx_word' id='word_1_23' title='bbox 931 613 1007 680; x_wconf 92' lang='lat' dir='ltr'>octo,</span> 
     </span>
     <span class='ocr_line' id='line_1_4' title="bbox 109 681 1009 760; baseline 0.007 -19"><span class='ocrx_word' id='word_1_24' title='bbox 109 681 172 741; x_wconf 90' lang='lat' dir='ltr'>dies</span> <span class='ocrx_word' id='word_1_25' title='bbox 183 699 231 757; x_wconf 81' lang='lat' dir='ltr'>xx,</span> <span class='ocrx_word' id='word_1_26' title='bbox 247 701 329 759; x_wconf 91' lang='lat' dir='ltr'>quam</span> <span class='ocrx_word' id='word_1_27' title='bbox 339 683 490 759; x_wconf 83' lang='lat' dir='ltr'>Imperator</span> <span class='ocrx_word' id='word_1_28' title='bbox 501 693 560 742; x_wconf 91' lang='lat' dir='ltr'>erat</span> <span class='ocrx_word' id='word_1_29' title='bbox 570 685 671 760; x_wconf 85' lang='lat' dir='ltr'>iaetus,</span> <span class='ocrx_word' id='word_1_30' title='bbox 683 687 780 745; x_wconf 87' lang='lat' dir='ltr'>aetatis</span> <span class='ocrx_word' id='word_1_31' title='bbox 793 704 864 745; x_wconf 77' lang='lat' dir='ltr'>mue</span> <span class='ocrx_word' id='word_1_32' title='bbox 878 687 966 747; x_wconf 90' lang='lat' dir='ltr'>altero</span> <span class='ocrx_word' id='word_1_33' title='bbox 981 696 1009 747; x_wconf 87' lang='lat' dir='ltr'>et</span> 
     </span>
     <span class='ocr_line' id='line_1_5' title="bbox 108 764 1009 846; baseline 0.009 -24"><span class='ocrx_word' id='word_1_34' title='bbox 108 764 335 843; x_wconf 72' lang='lat' dir='ltr'>quabagesimo.</span> <span class='ocrx_word' id='word_1_35' title='bbox 368 765 470 825; x_wconf 87' lang='lat' dir='ltr'>Tantus</span> <span class='ocrx_word' id='word_1_36' title='bbox 482 766 572 826; x_wconf 88' lang='lat' dir='ltr'>luctus</span> <span class='ocrx_word' id='word_1_37' title='bbox 585 785 619 826; x_wconf 88' lang='lat' dir='ltr'>eo</span> <span class='ocrx_word' id='word_1_38' title='bbox 632 777 741 826; x_wconf 88' lang='lat' dir='ltr'>mortuo</span> <span class='ocrx_word' id='word_1_39' title='bbox 753 767 882 846; x_wconf 91' lang='lat' dir='ltr'>publicus</span> <span class='ocrx_word' id='word_1_40' title='bbox 897 770 963 845; x_wconf 91' lang='lat' dir='ltr'>fuit,</span> <span class='ocrx_word' id='word_1_41' title='bbox 979 779 1009 830; x_wconf 88' lang='lat' dir='ltr'>ut</span> 
     </span>
     <span class='ocr_line' id='line_1_6' title="bbox 108 850 1010 932; baseline 0.004 -24"><span class='ocrx_word' id='word_1_42' title='bbox 108 865 208 908; x_wconf 85' lang='lat' dir='ltr'>onmes</span> <span class='ocrx_word' id='word_1_43' title='bbox 218 857 346 926; x_wconf 87' lang='lat' dir='ltr'>tanquam</span> <span class='ocrx_word' id='word_1_44' title='bbox 357 850 384 908; x_wconf 94' lang='lat' dir='ltr'>in</span> <span class='ocrx_word' id='word_1_45' title='bbox 395 853 506 932; x_wconf 86' lang='lat' dir='ltr'>propriu</span> <span class='ocrx_word' id='word_1_46' title='bbox 514 850 650 910; x_wconf 87' lang='lat' dir='ltr'>doluerint</span> <span class='ocrx_word' id='word_1_47' title='bbox 658 851 785 911; x_wconf 91' lang='lat' dir='ltr'>orbitate.</span> <span class='ocrx_word' id='word_1_48' title='bbox 806 853 1010 913; x_wconf 88' lang='lat' dir='ltr'>Senatusobitu</span> 
     </span>
     <span class='ocr_line' id='line_1_7' title="bbox 106 932 1010 1013; baseline 0.003 -22"><span class='ocrx_word' id='word_1_49' title='bbox 106 932 292 1009; x_wconf 29' lang='lat' dir='ltr'>ipsiusrcirca</span> <span class='ocrx_word' id='word_1_50' title='bbox 307 949 456 1009; x_wconf 82' lang='lat' dir='ltr'>uesperam</span> <span class='ocrx_word' id='word_1_51' title='bbox 468 935 592 999; x_wconf 92' lang='lat' dir='ltr'>nuntiato</span> <span class='ocrx_word' id='word_1_52' title='bbox 606 944 690 994; x_wconf 87' lang='lat' dir='ltr'>nocte</span> <span class='ocrx_word' id='word_1_53' title='bbox 710 937 808 1013; x_wconf 83' lang='lat' dir='ltr'><strong>irrupit</strong></span> <span class='ocrx_word' id='word_1_54' title='bbox 821 936 849 999; x_wconf 92' lang='lat' dir='ltr'>in</span> <span class='ocrx_word' id='word_1_55' title='bbox 863 937 965 995; x_wconf 87' lang='lat' dir='ltr'>curIam</span> <span class='ocrx_word' id='word_1_56' title='bbox 981 944 1010 994; x_wconf 88' lang='lat' dir='ltr'>et</span> 
     </span>
     <span class='ocr_line' id='line_1_8' title="bbox 106 1016 1009 1096; baseline 0.007 -23"><span class='ocrx_word' id='word_1_57' title='bbox 106 1023 197 1074; x_wconf 85' lang='lat' dir='ltr'>tantas</span> <span class='ocrx_word' id='word_1_58' title='bbox 211 1017 237 1073; x_wconf 88' lang='lat' dir='ltr'>ei</span> <span class='ocrx_word' id='word_1_59' title='bbox 253 1024 360 1082; x_wconf 89' lang='lat' dir='ltr'>mortuo</span> <span class='ocrx_word' id='word_1_60' title='bbox 372 1016 469 1076; x_wconf 89' lang='lat' dir='ltr'>laudes</span> <span class='ocrx_word' id='word_1_61' title='bbox 480 1020 641 1096; x_wconf 80' lang='lat' dir='ltr'>gratiasque</span> <span class='ocrx_word' id='word_1_62' title='bbox 655 1021 810 1096; x_wconf 78' lang='lat' dir='ltr'>congessit,</span> <span class='ocrx_word' id='word_1_63' title='bbox 828 1027 947 1096; x_wconf 89' lang='lat' dir='ltr'>quantas.</span> <span class='ocrx_word' id='word_1_64' title='bbox 954 1036 1009 1079; x_wconf 85' lang='lat' dir='ltr'>nec</span> 
     </span>
     <span class='ocr_line' id='line_1_9' title="bbox 104 1100 1006 1178; baseline 0.001 -20"><span class='ocrx_word' id='word_1_65' title='bbox 104 1100 173 1158; x_wconf 84' lang='lat' dir='ltr'>viro</span> <span class='ocrx_word' id='word_1_66' title='bbox 184 1116 303 1176; x_wconf 87' lang='lat' dir='ltr'>unquam</span> <span class='ocrx_word' id='word_1_67' title='bbox 315 1109 412 1177; x_wconf 81' lang='lat' dir='ltr'>egerat</span> <span class='ocrx_word' id='word_1_68' title='bbox 423 1117 476 1158; x_wconf 92' lang='lat' dir='ltr'>nec</span> <span class='ocrx_word' id='word_1_69' title='bbox 487 1104 638 1178; x_wconf 83' lang='lat' dir='ltr'>praesenti.</span> <span class='ocrx_word' id='word_1_70' title='bbox 659 1100 828 1161; x_wconf 85' lang='lat' dir='ltr'>InterDivos</span> <span class='ocrx_word' id='word_1_71' title='bbox 840 1102 1006 1161; x_wconf 81' lang='lat' dir='ltr'>relatus&#39;est.</span> 
     </span>
    </p>

    <p class='ocr_par' dir='ltr' id='par_1_3' title="bbox 99 1174 1166 3173">
     <span class='ocr_line' id='line_1_10' title="bbox 133 1174 1007 1263; baseline 0.003 -22"><span class='ocrx_word' id='word_1_72' title='bbox 133 1202 136 1207; x_wconf 93' lang='lat'>·</span> <span class='ocrx_word' id='word_1_73' title='bbox 170 1180 255 1242; x_wconf 75' lang='lat' dir='ltr'>(lar.</span> <span class='ocrx_word' id='word_1_74' title='bbox 271 1174 375 1242; x_wconf 84' lang='lat' dir='ltr'><strong>XXIII.</strong></span> <span class='ocrx_word' id='word_1_75' title='bbox 394 1183 486 1263; x_wconf 88' lang='lat' dir='ltr'><strong>(XV.)</strong></span> <span class='ocrx_word' id='word_1_76' title='bbox 518 1183 691 1244; x_wconf 86' lang='lat' dir='ltr'>Domitianus</span> <span class='ocrx_word' id='word_1_77' title='bbox 712 1200 777 1245; x_wconf 88' lang='lat' dir='ltr'>mox</span> <span class='ocrx_word' id='word_1_78' title='bbox 793 1188 903 1263; x_wconf 88' lang='lat' dir='ltr'>accepit</span> <span class='ocrx_word' id='word_1_79' title='bbox 920 1186 1007 1262; x_wconf 85' lang='lat' dir='ltr'>impe·</span> 
     </span>
     <span class='ocr_line' id='line_1_11' title="bbox 99 1261 1049 1346; baseline 0.006 -21"><span class='ocrx_word' id='word_1_80' title='bbox 99 1261 187 1340; x_wconf 79' lang='lat' dir='ltr'>rium,</span> <span class='ocrx_word' id='word_1_81' title='bbox 201 1265 286 1324; x_wconf 86' lang='lat' dir='ltr'>irater</span> <span class='ocrx_word' id='word_1_82' title='bbox 299 1267 389 1343; x_wconf 90' lang='lat' dir='ltr'>ipsius</span> <span class='ocrx_word' id='word_1_83' title='bbox 400 1269 504 1343; x_wconf 90' lang='lat' dir='ltr'>iunior,</span> <span class='ocrx_word' id='word_1_84' title='bbox 524 1267 629 1328; x_wconf 85' lang='lat' dir='ltr'>Neroni</span> <span class='ocrx_word' id='word_1_85' title='bbox 643 1277 690 1327; x_wconf 90' lang='lat' dir='ltr'>aut</span> <span class='ocrx_word' id='word_1_86' title='bbox 705 1267 850 1346; x_wconf 84' lang='lat' dir='ltr'>Caligulae</span> <span class='ocrx_word' id='word_1_87' title='bbox 864 1277 910 1328; x_wconf 92' lang='lat' dir='ltr'>aut</span> <span class='ocrx_word' id='word_1_88' title='bbox 924 1267 1006 1328; x_wconf 83' lang='lat' dir='ltr'>Tibe·</span> <span class='ocrx_word' id='word_1_89' title='bbox 1046 1324 1049 1331; x_wconf 94' lang='grc'><em>,</em></span> 
     </span>
     <span class='ocr_line' id='line_1_12' title="bbox 102 1344 1075 1427; baseline 0.002 -18"><span class='ocrx_word' id='word_1_90' title='bbox 102 1349 148 1409; x_wconf 82' lang='lat' dir='ltr'>rio</span> <span class='ocrx_word' id='word_1_91' title='bbox 163 1348 289 1424; x_wconf 84' lang='lat' dir='ltr'>similior,</span> <span class='ocrx_word' id='word_1_92' title='bbox 305 1368 386 1426; x_wconf 87' lang='lat' dir='ltr'>quam</span> <span class='ocrx_word' id='word_1_93' title='bbox 399 1354 469 1427; x_wconf 91' lang='lat' dir='ltr'>patri</span> <span class='ocrx_word' id='word_1_94' title='bbox 483 1350 529 1409; x_wconf 91' lang='lat' dir='ltr'>vel</span> <span class='ocrx_word' id='word_1_95' title='bbox 541 1350 617 1409; x_wconf 88' lang='lat' dir='ltr'>iratri</span> <span class='ocrx_word' id='word_1_96' title='bbox 631 1368 693 1410; x_wconf 86' lang='lat' dir='ltr'>suo.</span> <span class='ocrx_word' id='word_1_97' title='bbox 713 1351 811 1411; x_wconf 88' lang='lat' dir='ltr'>Primis</span> <span class='ocrx_word' id='word_1_98' title='bbox 822 1344 913 1411; x_wconf 78' lang='lat' dir='ltr'>tame&#39;n</span> <span class='ocrx_word' id='word_1_99' title='bbox 929 1353 1007 1412; x_wconf 90' lang='lat' dir='ltr'>annis</span> <span class='ocrx_word' id='word_1_100' title='bbox 1072 1387 1075 1391; x_wconf 74' lang='lat'>,</span> 
     </span>
     <span class='ocr_line' id='line_1_13' title="bbox 103 1431 1007 1511; baseline 0.001 -20"><span class='ocrx_word' id='word_1_101' title='bbox 103 1431 265 1491; x_wconf 89' lang='lat' dir='ltr'>moderatus</span> <span class='ocrx_word' id='word_1_102' title='bbox 280 1435 307 1491; x_wconf 90' lang='lat' dir='ltr'>iu</span> <span class='ocrx_word' id='word_1_103' title='bbox 318 1435 436 1509; x_wconf 86' lang='lat' dir='ltr'>imperio</span> <span class='ocrx_word' id='word_1_104' title='bbox 447 1433 514 1507; x_wconf 86' lang='lat' dir='ltr'>fuit,</span> <span class='ocrx_word' id='word_1_105' title='bbox 533 1450 600 1492; x_wconf 84' lang='lat' dir='ltr'>mox</span> <span class='ocrx_word' id='word_1_106' title='bbox 611 1433 646 1491; x_wconf 94' lang='lat' dir='ltr'>ad</span> <span class='ocrx_word' id='word_1_107' title='bbox 657 1435 778 1508; x_wconf 82' lang='lat' dir='ltr'>ingentia</span> <span class='ocrx_word' id='word_1_108' title='bbox 790 1436 856 1493; x_wconf 82' lang='lat' dir='ltr'>vitIa</span> <span class='ocrx_word' id='word_1_109' title='bbox 873 1451 1007 1511; x_wconf 87' lang='lat' dir='ltr'>progres-</span> 
     </span>
     <span class='ocr_line' id='line_1_14' title="bbox 104 1514 1007 1593; baseline -0.001 -19"><span class='ocrx_word' id='word_1_110' title='bbox 104 1533 166 1591; x_wconf 88' lang='lat' dir='ltr'>sus,</span> <span class='ocrx_word' id='word_1_111' title='bbox 182 1515 314 1591; x_wconf 89' lang='lat' dir='ltr'>libidinis,</span> <span class='ocrx_word' id='word_1_112' title='bbox 328 1515 496 1593; x_wconf 83' lang='lat' dir='ltr'>Iracundiae,</span> <span class='ocrx_word' id='word_1_113' title='bbox 514 1514 695 1590; x_wconf 76' lang='lat' dir='ltr'>crudelitatis,</span> <span class='ocrx_word' id='word_1_114' title='bbox 707 1517 849 1591; x_wconf 91' lang='lat' dir='ltr'>avaritiae,</span> <span class='ocrx_word' id='word_1_115' title='bbox 865 1525 968 1574; x_wconf 89' lang='lat' dir='ltr'>tantum</span> <span class='ocrx_word' id='word_1_116' title='bbox 979 1517 1007 1573; x_wconf 92' lang='lat' dir='ltr'>in</span> 
     </span>
     <span class='ocr_line' id='line_1_15' title="bbox 104 1595 1007 1677; baseline 0 -19"><span class='ocrx_word' id='word_1_117' title='bbox 104 1606 139 1658; x_wconf 80' lang='lat' dir='ltr'>s&#39;c</span> <span class='ocrx_word' id='word_1_118' title='bbox 150 1595 208 1657; x_wconf 89' lang='lat' dir='ltr'>odii</span> <span class='ocrx_word' id='word_1_119' title='bbox 223 1600 387 1675; x_wconf 84' lang='lat' dir='ltr'>concitavit,</span> <span class='ocrx_word' id='word_1_120' title='bbox 413 1607 442 1657; x_wconf 88' lang='lat' dir='ltr'>ut</span> <span class='ocrx_word' id='word_1_121' title='bbox 458 1600 555 1658; x_wconf 86' lang='lat' dir='ltr'>merita</span> <span class='ocrx_word' id='word_1_122' title='bbox 572 1607 600 1657; x_wconf 89' lang='lat' dir='ltr'>et</span> <span class='ocrx_word' id='word_1_123' title='bbox 616 1601 701 1677; x_wconf 87' lang='lat' dir='ltr'>patris</span> <span class='ocrx_word' id='word_1_124' title='bbox 722 1608 750 1658; x_wconf 91' lang='lat' dir='ltr'>et</span> <span class='ocrx_word' id='word_1_125' title='bbox 764 1596 857 1659; x_wconf 79' lang='lat' dir='ltr'>fratris</span> <span class='ocrx_word' id='word_1_126' title='bbox 871 1597 1007 1659; x_wconf 90' lang='lat' dir='ltr'>aboleret.</span> 
     </span>
     <span class='ocr_line' id='line_1_16' title="bbox 103 1680 1166 1765; baseline 0.001 -24"><span class='ocrx_word' id='word_1_127' title='bbox 103 1680 250 1742; x_wconf 84' lang='lat' dir='ltr'>Interiecit</span> <span class='ocrx_word' id='word_1_128' title='bbox 265 1682 456 1744; x_wconf 87' lang='lat' dir='ltr'>nobilissImos</span> <span class='ocrx_word' id='word_1_129' title='bbox 473 1700 509 1742; x_wconf 84' lang='lat' dir='ltr'>en</span> <span class='ocrx_word' id='word_1_130' title='bbox 527 1692 633 1744; x_wconf 87' lang='lat' dir='ltr'>senatu.</span> <span class='ocrx_word' id='word_1_131' title='bbox 671 1683 819 1761; x_wconf 87' lang='lat' dir='ltr'>Domlnum</span> <span class='ocrx_word' id='word_1_132' title='bbox 836 1700 868 1741; x_wconf 90' lang='lat' dir='ltr'>se</span> <span class='ocrx_word' id='word_1_133' title='bbox 886 1691 914 1742; x_wconf 89' lang='lat' dir='ltr'>et</span> <span class='ocrx_word' id='word_1_134' title='bbox 925 1681 1008 1742; x_wconf 88' lang='lat' dir='ltr'>deum</span> <span class='ocrx_word' id='word_1_135' title='bbox 1164 1756 1166 1765; x_wconf 14' lang='lat' dir='ltr'>x</span> 
     </span>
     <span class='ocr_line' id='line_1_17' title="bbox 104 1765 1053 1844; baseline 0 -20"><span class='ocrx_word' id='word_1_136' title='bbox 104 1768 211 1844; x_wconf 89' lang='lat' dir='ltr'>primus</span> <span class='ocrx_word' id='word_1_137' title='bbox 223 1765 357 1843; x_wconf 91' lang='lat' dir='ltr'>appellari</span> <span class='ocrx_word' id='word_1_138' title='bbox 371 1769 460 1828; x_wconf 92' lang='lat' dir='ltr'>iussit.</span> <span class='ocrx_word' id='word_1_139' title='bbox 482 1765 592 1826; x_wconf 87' lang='lat' dir='ltr'>Nullam</span> <span class='ocrx_word' id='word_1_140' title='bbox 609 1767 662 1826; x_wconf 92' lang='lat' dir='ltr'>sibi</span> <span class='ocrx_word' id='word_1_141' title='bbox 673 1768 725 1826; x_wconf 92' lang='lat' dir='ltr'>nisi</span> <span class='ocrx_word' id='word_1_142' title='bbox 738 1785 849 1826; x_wconf 85' lang='lat' dir='ltr'>auream</span> <span class='ocrx_word' id='word_1_143' title='bbox 865 1775 893 1826; x_wconf 89' lang='lat' dir='ltr'>et</span> <span class='ocrx_word' id='word_1_144' title='bbox 908 1784 1007 1843; x_wconf 85' lang='lat' dir='ltr'>argen-</span> <span class='ocrx_word' id='word_1_145' title='bbox 1047 1772 1053 1785; x_wconf 81' lang='grc'><strong>“</strong></span> 
     </span>
     <span class='ocr_line' id='line_1_18' title="bbox 102 1848 1006 1927; baseline -0.001 -19"><span class='ocrx_word' id='word_1_146' title='bbox 102 1858 179 1908; x_wconf 90' lang='lat' dir='ltr'>team</span> <span class='ocrx_word' id='word_1_147' title='bbox 195 1853 316 1917; x_wconf 50' lang='lat' dir='ltr'>statuum¹</span> <span class='ocrx_word' id='word_1_148' title='bbox 327 1852 355 1908; x_wconf 93' lang='lat' dir='ltr'>in</span> <span class='ocrx_word' id='word_1_149' title='bbox 371 1849 512 1926; x_wconf 80' lang='lat' dir='ltr'>Capitolio</span> <span class='ocrx_word' id='word_1_150' title='bbox 527 1852 594 1927; x_wconf 92' lang='lat' dir='ltr'>poni</span> <span class='ocrx_word' id='word_1_151' title='bbox 607 1867 707 1926; x_wconf 88' lang='lat' dir='ltr'>passus</span> <span class='ocrx_word' id='word_1_152' title='bbox 725 1858 778 1909; x_wconf 90' lang='lat' dir='ltr'>est.</span> <span class='ocrx_word' id='word_1_153' title='bbox 813 1848 1006 1909; x_wconf 78' lang='lat' dir='ltr'>Consobrinos</span> 
     </span>
     <span class='ocr_line' id='line_1_19' title="bbox 104 1929 1004 2006; baseline 0 -16"><span class='ocrx_word' id='word_1_154' title='bbox 104 1947 175 1991; x_wconf 90' lang='lat' dir='ltr'>suos</span> <span class='ocrx_word' id='word_1_155' title='bbox 186 1929 336 2001; x_wconf 76' lang='lat' dir='ltr'>interiecit.</span> <span class='ocrx_word' id='word_1_156' title='bbox 370 1932 506 2006; x_wconf 85' lang='lat' dir='ltr'>Superbia</span> <span class='ocrx_word' id='word_1_157' title='bbox 523 1947 636 2006; x_wconf 88' lang='lat' dir='ltr'>qnoque</span> <span class='ocrx_word' id='word_1_158' title='bbox 653 1933 681 1987; x_wconf 93' lang='lat' dir='ltr'>in</span> <span class='ocrx_word' id='word_1_159' title='bbox 695 1948 731 1988; x_wconf 91' lang='lat' dir='ltr'>eo</span> <span class='ocrx_word' id='word_1_160' title='bbox 743 1933 926 1991; x_wconf 86' lang='lat' dir='ltr'>exsecrabilis</span> <span class='ocrx_word' id='word_1_161' title='bbox 944 1932 1004 1992; x_wconf 85' lang='lat' dir='ltr'>luit.</span> 
     </span>
     <span class='ocr_line' id='line_1_20' title="bbox 103 2011 1005 2091; baseline 0 -17"><span class='ocrx_word' id='word_1_162' title='bbox 103 2011 310 2091; x_wconf 81' lang='lat' dir='ltr'>Expeditiones</span> <span class='ocrx_word' id='word_1_163' title='bbox 328 2020 446 2089; x_wconf 88' lang='lat' dir='ltr'>quatuor</span> <span class='ocrx_word' id='word_1_164' title='bbox 463 2012 572 2084; x_wconf 87' lang='lat' dir='ltr'>babuit,</span> <span class='ocrx_word' id='word_1_165' title='bbox 599 2027 679 2079; x_wconf 88' lang='lat' dir='ltr'>uuam</span> <span class='ocrx_word' id='word_1_166' title='bbox 697 2011 843 2070; x_wconf 87' lang='lat' dir='ltr'>adversum</span> <span class='ocrx_word' id='word_1_167' title='bbox 854 2015 1005 2090; x_wconf 88' lang='lat' dir='ltr'>Sarmatas,</span> 
     </span>
     <span class='ocr_line' id='line_1_21' title="bbox 105 2091 1004 2167; baseline -0.001 -11"><span class='ocrx_word' id='word_1_168' title='bbox 105 2096 220 2156; x_wconf 83' lang='lat' dir='ltr'>alteram</span> <span class='ocrx_word' id='word_1_169' title='bbox 235 2093 383 2159; x_wconf 87' lang='lat' dir='ltr'>adversum</span> <span class='ocrx_word' id='word_1_170' title='bbox 398 2091 505 2167; x_wconf 83' lang='lat' dir='ltr'>Cattos,</span> <span class='ocrx_word' id='word_1_171' title='bbox 522 2092 589 2152; x_wconf 88' lang='lat' dir='ltr'>duas</span> <span class='ocrx_word' id='word_1_172' title='bbox 599 2091 747 2152; x_wconf 89' lang='lat' dir='ltr'>adversum</span> <span class='ocrx_word' id='word_1_173' title='bbox 758 2092 864 2153; x_wconf 89' lang='lat' dir='ltr'>Dacos.</span> <span class='ocrx_word' id='word_1_174' title='bbox 894 2095 938 2154; x_wconf 83' lang='lat' dir='ltr'>Ile</span> <span class='ocrx_word' id='word_1_175' title='bbox 948 2094 1004 2156; x_wconf 87' lang='lat' dir='ltr'>Da·</span> 
     </span>
     <span class='ocr_line' id='line_1_22' title="bbox 106 2175 1006 2254; baseline -0.001 -15"><span class='ocrx_word' id='word_1_176' title='bbox 106 2181 146 2239; x_wconf 84' lang='lat' dir='ltr'>cis</span> <span class='ocrx_word' id='word_1_177' title='bbox 162 2175 308 2254; x_wconf 78' lang='lat' dir='ltr'>Cattisque</span> <span class='ocrx_word' id='word_1_178' title='bbox 320 2176 459 2254; x_wconf 84' lang='lat' dir='ltr'>duplicem</span> <span class='ocrx_word' id='word_1_179' title='bbox 475 2176 641 2252; x_wconf 91' lang='lat' dir='ltr'>triumphum</span> <span class='ocrx_word' id='word_1_180' title='bbox 658 2178 728 2253; x_wconf 86' lang='lat' dir='ltr'>egit,</span> <span class='ocrx_word' id='word_1_181' title='bbox 753 2177 788 2236; x_wconf 91' lang='lat' dir='ltr'>de</span> <span class='ocrx_word' id='word_1_182' title='bbox 807 2179 938 2237; x_wconf 87' lang='lat' dir='ltr'>Sarmatis</span> <span class='ocrx_word' id='word_1_183' title='bbox 959 2195 1006 2238; x_wconf 91' lang='lat' dir='ltr'>so·</span> 
     </span>
     <span class='ocr_line' id='line_1_23' title="bbox 103 2258 1051 2338; baseline -0.003 -15"><span class='ocrx_word' id='word_1_184' title='bbox 103 2261 158 2323; x_wconf 80' lang='lat' dir='ltr'>Iam</span> <span class='ocrx_word' id='word_1_185' title='bbox 173 2260 295 2320; x_wconf 87' lang='lat' dir='ltr'>lauream</span> <span class='ocrx_word' id='word_1_186' title='bbox 307 2262 460 2338; x_wconf 86' lang='lat' dir='ltr'>usurpavit.</span> <span class='ocrx_word' id='word_1_187' title='bbox 480 2258 580 2318; x_wconf 88' lang='lat' dir='ltr'>llultas</span> <span class='ocrx_word' id='word_1_188' title='bbox 596 2258 708 2337; x_wconf 86' lang='lat' dir='ltr'>quidem</span> <span class='ocrx_word' id='word_1_189' title='bbox 720 2260 890 2320; x_wconf 82' lang='lat' dir='ltr'>calamitates</span> <span class='ocrx_word' id='word_1_190' title='bbox 906 2260 1006 2320; x_wconf 87' lang='lat' dir='ltr'>iisdem</span> <span class='ocrx_word' id='word_1_191' title='bbox 1046 2290 1051 2296; x_wconf 86' lang='grc'><em>·</em></span> 
     </span>
     <span class='ocr_line' id='line_1_24' title="bbox 104 2342 1006 2422; baseline -0.001 -17"><span class='ocrx_word' id='word_1_192' title='bbox 104 2343 187 2405; x_wconf 91' lang='lat' dir='ltr'>bellis</span> <span class='ocrx_word' id='word_1_193' title='bbox 202 2361 302 2422; x_wconf 90' lang='lat' dir='ltr'>passus</span> <span class='ocrx_word' id='word_1_194' title='bbox 315 2352 368 2403; x_wconf 87' lang='lat' dir='ltr'>est.</span> <span class='ocrx_word' id='word_1_195' title='bbox 408 2342 477 2403; x_wconf 91' lang='lat' dir='ltr'>Nam</span> <span class='ocrx_word' id='word_1_196' title='bbox 493 2345 521 2402; x_wconf 90' lang='lat' dir='ltr'>iu</span> <span class='ocrx_word' id='word_1_197' title='bbox 532 2343 665 2413; x_wconf 89' lang='lat' dir='ltr'>Sarmatia</span> <span class='ocrx_word' id='word_1_198' title='bbox 681 2342 758 2420; x_wconf 86' lang='lat' dir='ltr'>Ie&#39;gio</span> <span class='ocrx_word' id='word_1_199' title='bbox 774 2345 836 2404; x_wconf 85' lang='lat' dir='ltr'>eius</span> <span class='ocrx_word' id='word_1_200' title='bbox 854 2362 916 2403; x_wconf 88' lang='lat' dir='ltr'>cum</span> <span class='ocrx_word' id='word_1_201' title='bbox 934 2342 1006 2404; x_wconf 87' lang='lat' dir='ltr'>duce</span> 
     </span>
     <span class='ocr_line' id='line_1_25' title="bbox 104 2420 1005 2511; baseline 0 -24"><span class='ocrx_word' id='word_1_202' title='bbox 104 2428 252 2493; x_wconf 83' lang='lat' dir='ltr'>interiecta</span> <span class='ocrx_word' id='word_1_203' title='bbox 269 2435 296 2485; x_wconf 86' lang='lat' dir='ltr'>et</span> <span class='ocrx_word' id='word_1_204' title='bbox 307 2446 323 2486; x_wconf 93' lang='lat' dir='ltr'>a</span> <span class='ocrx_word' id='word_1_205' title='bbox 333 2425 671 2505; x_wconf 83' lang='lat' dir='ltr'>DacisOppiusSabiuus</span> <span class='ocrx_word' id='word_1_206' title='bbox 686 2426 840 2486; x_wconf 88' lang='lat' dir='ltr'>consularis</span> <span class='ocrx_word' id='word_1_207' title='bbox 859 2438 888 2487; x_wconf 90' lang='lat' dir='ltr'>et</span> <span class='ocrx_word' id='word_1_208' title='bbox 900 2420 1005 2511; x_wconf 73' lang='lat' dir='ltr'>Corne·</span> 
     </span>
     <span class='ocr_line' id='line_1_26' title="bbox 104 2510 1064 2589; baseline 0.001 -18"><span class='ocrx_word' id='word_1_209' title='bbox 104 2510 158 2571; x_wconf 93' lang='lat' dir='ltr'>lius</span> <span class='ocrx_word' id='word_1_210' title='bbox 167 2510 287 2585; x_wconf 86' lang='lat' dir='ltr'>Fuscus,</span> <span class='ocrx_word' id='word_1_211' title='bbox 299 2511 460 2589; x_wconf 86' lang='lat' dir='ltr'>praefectus</span> <span class='ocrx_word' id='word_1_212' title='bbox 472 2512 624 2589; x_wconf 87' lang='lat' dir='ltr'>praetorio,</span> <span class='ocrx_word' id='word_1_213' title='bbox 642 2527 705 2568; x_wconf 88' lang='lat' dir='ltr'>eum</span> <span class='ocrx_word' id='word_1_214' title='bbox 716 2512 822 2586; x_wconf 85' lang='lat' dir='ltr'>magnis</span> <span class='ocrx_word' id='word_1_215' title='bbox 834 2511 1004 2572; x_wconf 86' lang='lat' dir='ltr'>exercitibus</span> <span class='ocrx_word' id='word_1_216' title='bbox 1061 2546 1064 2551; x_wconf 78' lang='lat'>,</span> 
     </span>
     <span class='ocr_line' id='line_1_27' title="bbox 105 2592 1002 2672; baseline 0.002 -19"><span class='ocrx_word' id='word_1_217' title='bbox 105 2596 194 2653; x_wconf 89' lang='lat' dir='ltr'>occisi</span> <span class='ocrx_word' id='word_1_218' title='bbox 209 2603 280 2652; x_wconf 89' lang='lat' dir='ltr'>sunt.</span> <span class='ocrx_word' id='word_1_219' title='bbox 312 2592 419 2653; x_wconf 86' lang='lat' dir='ltr'>Romae</span> <span class='ocrx_word' id='word_1_220' title='bbox 432 2612 545 2672; x_wconf 86' lang='lat' dir='ltr'>quoque</span> <span class='ocrx_word' id='word_1_221' title='bbox 555 2593 639 2653; x_wconf 84' lang='lat' dir='ltr'>multa</span> <span class='ocrx_word' id='word_1_222' title='bbox 653 2609 739 2670; x_wconf 90' lang='lat' dir='ltr'>opera</span> <span class='ocrx_word' id='word_1_223' title='bbox 752 2593 828 2668; x_wconf 85' lang='lat' dir='ltr'>iecit,</span> <span class='ocrx_word' id='word_1_224' title='bbox 851 2596 880 2651; x_wconf 94' lang='lat' dir='ltr'>in</span> <span class='ocrx_word' id='word_1_225' title='bbox 894 2595 938 2653; x_wconf 89' lang='lat' dir='ltr'>his</span> <span class='ocrx_word' id='word_1_226' title='bbox 950 2593 1002 2655; x_wconf 81' lang='lat' dir='ltr'>Ca·</span> 
     </span>
     <span class='ocr_line' id='line_1_28' title="bbox 103 2673 1001 2755; baseline -0.002 -19"><span class='ocrx_word' id='word_1_227' title='bbox 103 2677 230 2755; x_wconf 90' lang='lat' dir='ltr'>pitolium</span> <span class='ocrx_word' id='word_1_228' title='bbox 241 2686 269 2736; x_wconf 88' lang='lat' dir='ltr'>et</span> <span class='ocrx_word' id='word_1_229' title='bbox 279 2677 381 2736; x_wconf 79' lang='lat' dir='ltr'>llorum</span> <span class='ocrx_word' id='word_1_230' title='bbox 392 2679 588 2752; x_wconf 89' lang='lat' dir='ltr'>transitorium,</span> <span class='ocrx_word' id='word_1_231' title='bbox 596 2676 713 2750; x_wconf 89' lang='lat' dir='ltr'>Odeum,</span> <span class='ocrx_word' id='word_1_232' title='bbox 723 2673 1001 2752; x_wconf 83' lang='lat' dir='ltr'>DiuorumPorticus,</span> 
     </span>
     <span class='ocr_line' id='line_1_29' title="bbox 103 2757 1002 2838; baseline -0.002 -18"><span class='ocrx_word' id='word_1_233' title='bbox 103 2759 213 2836; x_wconf 88' lang='lat' dir='ltr'>Iseum,</span> <span class='ocrx_word' id='word_1_234' title='bbox 240 2760 396 2838; x_wconf 88' lang='lat' dir='ltr'>Serapeum</span> <span class='ocrx_word' id='word_1_235' title='bbox 416 2778 450 2820; x_wconf 92' lang='lat' dir='ltr'>ac</span> <span class='ocrx_word' id='word_1_236' title='bbox 472 2759 603 2820; x_wconf 87' lang='lat' dir='ltr'>Stadium.</span> <span class='ocrx_word' id='word_1_237' title='bbox 640 2760 743 2818; x_wconf 88' lang='lat' dir='ltr'>Verum</span> <span class='ocrx_word' id='word_1_238' title='bbox 758 2775 821 2817; x_wconf 91' lang='lat' dir='ltr'>cum</span> <span class='ocrx_word' id='word_1_239' title='bbox 838 2757 876 2818; x_wconf 93' lang='lat' dir='ltr'>ob</span> <span class='ocrx_word' id='word_1_240' title='bbox 892 2757 1002 2818; x_wconf 85' lang='lat' dir='ltr'>scelera¹</span> 
     </span>
     <span class='ocr_line' id='line_1_30' title="bbox 103 2839 1052 2921; baseline 0.001 -18"><span class='ocrx_word' id='word_1_241' title='bbox 103 2845 243 2904; x_wconf 86' lang='lat' dir='ltr'>universis</span> <span class='ocrx_word' id='word_1_242' title='bbox 260 2861 366 2903; x_wconf 84' lang='lat' dir='ltr'>exosus</span> <span class='ocrx_word' id='word_1_243' title='bbox 381 2839 447 2903; x_wconf 82' lang='lat' dir='ltr'>esse</span> <span class='ocrx_word' id='word_1_244' title='bbox 462 2845 620 2921; x_wconf 88' lang='lat' dir='ltr'>coepisset,</span> <span class='ocrx_word' id='word_1_245' title='bbox 643 2841 807 2902; x_wconf 82' lang='lat' dir='ltr'>Interiectus</span> <span class='ocrx_word' id='word_1_246' title='bbox 828 2850 873 2900; x_wconf 90' lang='lat' dir='ltr'>est</span> <span class='ocrx_word' id='word_1_247' title='bbox 888 2859 1002 2901; x_wconf 90' lang='lat' dir='ltr'>suorum</span> <span class='ocrx_word' id='word_1_248' title='bbox 1026 2861 1052 2904; x_wconf 84' lang='lat' dir='ltr'>r.</span> 
     </span>
     <span class='ocr_line' id='line_1_31' title="bbox 103 2925 1068 3005; baseline -0.002 -18"><span class='ocrx_word' id='word_1_249' title='bbox 103 2928 296 2987; x_wconf 88' lang='lat' dir='ltr'>coniuratione</span> <span class='ocrx_word' id='word_1_250' title='bbox 309 2929 337 3003; x_wconf 81' lang='lat' dir='ltr'>in</span> <span class='ocrx_word' id='word_1_251' title='bbox 351 2927 455 3005; x_wconf 87' lang='lat' dir='ltr'>palatio</span> <span class='ocrx_word' id='word_1_252' title='bbox 469 2944 539 2986; x_wconf 91' lang='lat' dir='ltr'>anno</span> <span class='ocrx_word' id='word_1_253' title='bbox 557 2928 654 2986; x_wconf 87' lang='lat' dir='ltr'>aetatis</span> <span class='ocrx_word' id='word_1_254' title='bbox 670 2944 751 3000; x_wconf 76' lang='lat' dir='ltr'>nnn,</span> <span class='ocrx_word' id='word_1_255' title='bbox 779 2926 888 3003; x_wconf 80' lang='lat' dir='ltr'>imperti</span> <span class='ocrx_word' id='word_1_256' title='bbox 905 2925 1068 3003; x_wconf 60' lang='lat' dir='ltr'>quincue-1¹·</span> 
     </span>
     <span class='ocr_line' id='line_1_32' title="bbox 102 2997 1090 3088; baseline -0.001 -17"><span class='ocrx_word' id='word_1_257' title='bbox 102 3009 223 3072; x_wconf 87' lang='lat' dir='ltr'>decimo.</span> <span class='ocrx_word' id='word_1_258' title='bbox 245 3009 410 3070; x_wconf 82' lang='lat' dir='ltr'>Funuseius</span> <span class='ocrx_word' id='word_1_259' title='bbox 422 3011 599 3086; x_wconf 87' lang='lat' dir='ltr'>cuningenti</span> <span class='ocrx_word' id='word_1_260' title='bbox 611 3007 751 3068; x_wconf 89' lang='lat' dir='ltr'>dedecore</span> <span class='ocrx_word' id='word_1_261' title='bbox 764 3025 816 3087; x_wconf 87' lang='lat' dir='ltr'>per</span> <span class='ocrx_word' id='word_1_262' title='bbox 828 3008 1001 3088; x_wconf 84' lang='lat' dir='ltr'>vespillones</span> <span class='ocrx_word' id='word_1_263' title='bbox 1019 2997 1051 3042; x_wconf 75' lang='lat'>⁹⁶·</span> <span class='ocrx_word' id='word_1_264' title='bbox 1087 3027 1090 3032; x_wconf 79' lang='grc'><strong>’</strong></span> 
     </span>
     <span class='ocr_line' id='line_1_33' title="bbox 102 3092 702 3173; baseline 0 -19"><span class='ocrx_word' id='word_1_265' title='bbox 102 3102 277 3173; x_wconf 81' lang='lat' dir='ltr'>exportatum</span> <span class='ocrx_word' id='word_1_266' title='bbox 288 3102 317 3156; x_wconf 89' lang='lat' dir='ltr'>et</span> <span class='ocrx_word' id='word_1_267' title='bbox 327 3093 487 3173; x_wconf 81' lang='lat' dir='ltr'>ignobiliter</span> <span class='ocrx_word' id='word_1_268' title='bbox 499 3101 544 3152; x_wconf 90' lang='lat' dir='ltr'>est</span> <span class='ocrx_word' id='word_1_269' title='bbox 554 3092 702 3170; x_wconf 80' lang='lat' dir='ltr'>sepultum</span> 
     </span>
    </p>
   </div>
   <div class='ocr_carea' id='block_1_3' title="bbox 454 3354 651 3367">
    <p class='ocr_par' dir='ltr' id='par_1_4' title="bbox 454 3354 651 3367">
     <span class='ocr_line' id='line_1_34' title="bbox 454 3354 651 3367; baseline -0.005 -2"><span class='ocrx_word' id='word_1_270' title='bbox 454 3354 651 3367; x_wconf 68' lang='lat' dir='ltr'>..nn-u—</span> 
     </span>
    </p>
   </div>
   <div class='ocr_carea' id='block_1_4' title="bbox 0 0 1186 4036">
    <p class='ocr_par' dir='ltr' id='par_1_5' title="bbox 0 0 1186 4036">
     <span class='ocr_line' id='line_1_35' title="bbox 0 0 1186 4036; baseline 0 0"><span class='ocrx_word' id='word_1_271' title='bbox 0 0 1186 4036; x_wconf 95' lang='lat' dir='ltr'> </span> 
     </span>
    </p>
   </div>
  </div>
 </body>
</html>
