2362 4036
676 196 686 235 ¹,
695 210 698 215 .

425 264 429 273 '
505 285 699 345 nrounvt
791 371 796 382 ,
1010 283 1052 348 43
1117 303 1119 307 ’

88 464 92 509 z
146 446 243 507 tuisse
254 446 408 521 superori.
431 444 541 505 Deinde
555 439 1050 527 iuThessaliaapudPalaeophmes·
1085 467 1087 471 ·

88 538 110 643 'p
147 526 205 587 lum
225 525 369 603 productis
391 530 530 606 utrimque
552 531 712 606 ingentibus
734 533 826 609 copiis
843 531 1050 606 dimicaverunt,

145 609 273 687 Pompeii
284 611 361 668 acies
378 610 473 670 habuit
483 631 520 672 un
530 612 605 673 milia
617 613 750 690 peditum,
774 615 884 691 equites
898 615 926 674 iu
937 615 1049 673 sinistro

88 744 91 753 .
147 706 235 752 cornu
251 701 415 768 sexcentos,
437 693 465 752 iu
477 692 575 753 dextro
593 698 778 773 quingentos,
797 705 944 774 practerea
963 699 1050 755 totius

88 826 90 831 .
135 775 269 834 ¹(lrieutis
284 774 395 850 auxilia,
418 784 503 839 totam
514 777 701 854 nobilitatem,
719 781 880 839 innumeros
891 788 1048 856 senatores,

88 890 90 897 ν
145 861 323 937 praetorios,
344 858 506 931 consulares
530 869 559 919 et
582 861 630 939 qui
653 879 815 938 magnorum
838 863 891 920 iam
910 860 1048 921 bellorum
1095 930 1097 935 .

88 998 92 1011 ,
143 941 269 999 victores
280 941 409 1001 inissent.
442 940 547 1002 Caesar
565 944 593 1003 iu
604 945 666 1003 acie
677 962 727 1004 sua
741 944 838 1005 habuit
854 942 1049 1023 pediturnnon

88 1030 93 1099 l
143 1024 253 1100 integro
262 1043 318 1085 xxx
328 1023 414 1100 milia,
426 1027 538 1103 equites
549 1025 625 1086 mile.

88 1106 92 1139 r
160 1154 164 1160 .
207 1106 291 1167 Cer.
306 1105 384 1167 xxi.
397 1106 544 1186 Nunquam
555 1108 645 1170 adhuc
656 1107 799 1169 Romanae
811 1110 912 1186 copiae
926 1110 1048 1169 inunum

141 1207 238 1267 neque
257 1191 395 1266 maiores,
418 1209 510 1269 neque
527 1192 689 1273 melioribus
707 1191 825 1252 ducibus
847 1200 1046 1269 convenerant,

88 1284 95 1353 ξ
141 1280 232 1333 totum
242 1281 377 1332 terrarum
389 1273 484 1333 orbem
501 1273 585 1335 facile
600 1275 782 1351 subacturae,
800 1277 825 1336 si
838 1284 934 1335 contra
949 1274 1047 1335 barba·
1158 1328 1170 1349 ,

88 1356 95 1407 ἱ-
132 1372 192 1417 τοε
203 1353 379 1417 ducerentur.
402 1355 554 1435 Pugnatum
566 1366 658 1418 tamen
672 1368 715 1418 est
731 1360 837 1436 ingenti
855 1359 1045 1433 contentione,
1149 1412 1151 1429 ,

88 1500 91 1507 ,
141 1439 292 1516 victusque
311 1438 346 1498 ad
363 1447 534 1516 postremum
551 1437 702 1517 Pompeius
719 1448 747 1499 ct
758 1449 849 1499 castra
860 1442 921 1499 eius
939 1439 1047 1517 dIreptu

141 1529 216 1581 sunt.
242 1519 310 1598 Ipse
322 1520 434 1598 fugatus
444 1519 638 1581 Alexandriam
651 1524 749 1600 petiit,
761 1529 791 1580 ut
801 1540 818 1580 a
828 1539 898 1599 rege
909 1519 1045 1599 Aegypti,

142 1606 189 1663 cui
200 1611 275 1663 tutor
289 1613 414 1664 asenatu
430 1603 509 1664 datus
520 1604 610 1664 iuerat
625 1615 743 1683 proptor
756 1603 906 1673 iuvenilem
922 1606 983 1663 eius
998 1621 1045 1663 ae·

139 1695 236 1763 tatem,
250 1689 395 1765 acciperet
405 1687 516 1749 auxilia.
540 1681 744 1761 Qui‘lortunam
754 1689 844 1766 magis
855 1705 937 1766 quam
949 1688 1043 1747 amici·
1050 1717 1105 1758 gu,

139 1771 207 1829 tiam
218 1780 331 1829 secutus
344 1770 447 1831 occidit
456 1770 630 1849 Pompeium,
642 1780 725 1850 caput
736 1773 798 1830 eius
810 1780 839 1830 et
848 1769 959 1830 anulum
972 1768 1042 1830 Cae·
1059 1783 1105 1826 tot

88 1826 98 1873 ³
140 1854 197 1910 suri
210 1853 293 1910 misit.
331 1853 395 1924 Quo
411 1864 567 1930 conspecto
581 1852 686 1914 Caesar
697 1855 778 1912 etiam
794 1854 923 1914 lacrimas
934 1853 1062 1913 fudisse·
1118 1902 1120 1907 .

141 1932 253 2009 dicitur,
266 1935 332 1991 tanti
347 1936 399 1992 viri
416 1936 525 1992 intuens
540 1943 623 2011 ceput
636 1944 664 1992 et
674 1937 773 2010 generi
786 1936 923 2011 quondum
935 1937 987 2000 sui.

92 2012 97 2027 “’
208 2015 295 2079 Gur.
314 2013 405 2075 XXll.
418 2013 538 2094 (XVll.)
570 2014 637 2074 llox
653 2012 758 2074 Caesar
776 2015 971 2076 Alexandriam
995 2036 1044 2078 ve·

140 2101 191 2160 nit.
228 2097 287 2176 lpsi
299 2108 364 2177 uuo
386 2116 422 2156 ue
433 2095 609 2158 Ptolemaeus
621 2115 720 2177 perere
735 2095 825 2157 voluit
840 2097 970 2174 insidias,
986 2106 1045 2178 una
1087 2127 1089 2130 ’

140 2199 241 2243 caussa
251 2183 313 2260 regi
324 2116 429 2240 beidam
440 2180 543 2241 illatum
550 2190 606 2240 est.
629 2180 727 2255 Victus
738 2182 765 2240 in
777 2178 842 2239 Nilo
849 2182 936 2271 periit
949 2184 1045 2241 inven-
1120 2248 1123 2252 ,

104 2290 112 2301 “·
139 2274 255 2343 tumque
271 2273 315 2323 est
327 2276 430 2343 corpus
441 2265 502 2324 eius
514 2282 575 2323 curn
586 2265 674 2324 lorica
685 2281 779 2324 aurea.
806 2261 911 2323 Caesar
922 2263 1044 2323 Alexan·
1066 2336 1068 2340 Α

141 2349 200 2409 dria
220 2349 325 2426 potitus
346 2365 462 2425 regnum
480 2344 648 2426 Cleopatrae
660 2346 752 2424 dedit,
770 2344 925 2406 Ptolemaei
939 2348 1042 2424 sorori,

142 2450 205 2491 curn
225 2449 279 2509 qua
297 2429 527 2490 consuetudinem
549 2431 637 2508 stupri
656 2430 800 2489 habuerat.
832 2428 958 2490 Rediens
978 2429 1044 2490 inde

142 2513 247 2574 Caesar
257 2513 435 2588 Pharnacem,
452 2513 617 2589 Mithridatis
627 2511 722 2590 llagui
738 2512 833 2588 illium,
850 2515 897 2589 qui
909 2510 1044 2592 Pompeio

88 2590 92 2601 '
140 2599 168 2655 in
180 2598 309 2656 auxilium
322 2595 397 2674 apud
407 2595 579 2655 Thessaliam
592 2597 697 2670 iuerat,
714 2594 897 2653 rebellantem
915 2597 943 2655 in
954 2595 1044 2656 Ponto

140 2688 225 2757 atque
236 2678 334 2737 multas
347 2678 444 2756 populi
458 2679 576 2738 Romani
588 2679 747 2756 provincias
761 2685 955 2753 occupantem,
977 2680 1046 2737 vicit
1055 2687 1111 2730 bv·

140 2764 212 2836 acie,
226 2770 325 2838 postea
337 2762 371 2820 ad
385 2772 501 2821 mortem
514 2764 620 2838 coegit.
1057 2753 1103 2796 Μ

203 2844 285 2905 Gne.
308 2843 412 2904 XXlll.
425 2843 560 2925 (livill.)
584 2843 651 2914 lnde
662 2843 779 2903 Romam
795 2859 945 2920 regressus
959 2841 1042 2901 tertio
1054 2873 1109 2917 gv,

140 2945 173 2986 se
184 2927 329 2986 consulem
340 2927 408 2986 lecit
422 2944 484 2986 cum
495 2926 533 2986 ll.
546 2927 664 2986 Aemilio
676 2924 793 3003 lepido,
812 2925 858 3004 qui
872 2927 899 2983 ei
909 2927 1043 3002 magister
1053 2932 1099 2984 roo

133 3011 264 3087 *equitum
275 3009 403 3069 dictatori
416 3020 479 3069 ante
490 3027 590 3071 annum
602 3010 701 3070 iuerat.
714 3006 792 3078 :inde
804 3011 831 3068 iu
842 3006 965 3068 Alricam
978 3025 1041 3086 pro·

139 3092 233 3151 iectus
246 3101 305 3167 est,
329 3093 375 3152 uhi
393 3093 495 3153 inlicita
510 3093 640 3153 nobilitas
665 3109 728 3150 cum
745 3090 829 3167 luha,
853 3090 1042 3151 Mauretaniae

138 3192 220 3252 rege,
236 3174 338 3234 bellurn
353 3185 539 3253 reparaverat.
571 3175 668 3234 Duces
684 3184 776 3233 antem
785 3175 902 3234 Ronmui
920 3183 998 3232 crant
1009 3172 1040 3232 P.

88 3296 95 3321 t
139 3256 289 3318 Cornelius
300 3258 415 3336 Scipio,
442 3277 477 3317 ex
488 3277 594 3334 genere
609 3259 801 3335 antiquissimo
814 3258 956 3334 Scipionis
966 3254 1041 3330 Airi-

138 3343 200 3400 cani
212 3340 274 3418 (hie
285 3343 366 3400 etiam
378 3359 463 3401 socer
473 3339 599 3418 Pompeii
615 3340 708 3418 blsgni
719 3340 835 3419 iuerat),
851 3339 889 3399 Μ.
901 3337 1039 3414 Petreius,

138 3423 175 3496 Q.
186 3424 286 3500 Varus,
303 3422 341 3483 lli.
353 3422 468 3493 Porcius
481 3422 567 3502 Cato,
591 3423 622 3484 L.
637 3422 785 3484 Cornelius
797 3421 927 3499 Faustus,
944 3419 1041 3483 Sullae
