2348 4080
570 349 802 407 nurnorrt
841 324 847 335 '

455 592 620 705 blllllll
655 591 922 663 ueritus.

644 715 744 728 αισα-.-

547 776 831 826 Altinatium

290 880 315 933 1.
334 880 438 942 Nervae,
452 878 585 930 Domitiani
596 880 756 938 successoris,
775 877 887 939 aequitas
904 878 929 923 'et
941 873 1062 941 civilitas:
1079 868 1127 925 232

238 949 359 1001 'lislanus
384 950 518 1015 praeclaris
543 949 673 998 virtutibus
698 954 797 996 ornatus
820 945 882 994 lines
911 942 1024 992 Romani
1048 942 1127 1007 inspai

238 1021 349 1069 aubaetis
366 1019 511 1084 regionibus
527 1015 678 1081 populisque
695 1016 808 1079 pluribus
825 1012 901 1076 longe
918 1011 1023 1074 lateque
1040 1011 1127 1077 proiat

238 1085 265 1139 6.
278 1084 303 1138 7.
327 1087 475 1147 Hadrianus,
493 1085 592 1135 Traiani
610 1083 704 1148 gloriae
717 1083 840 1142 invideas,
858 1081 960 1147 imperii
976 1081 1071 1130 limites
1085 1092 1128 1129 em

238 1155 314 1206 trabit
332 1164 356 1204 et
374 1156 449 1219 paci,
477 1155 554 1203 literis
572 1161 596 1201 et
617 1151 831 1201 aedifioationibus
848 1149 942 1199 munet.
978 1145 1005 1199 8.
1025 1146 1127 1199 Antonini

238 1221 276 1272 Pii
294 1224 397 1274 virtutes
414 1221 499 1271 civiles
516 1228 540 1270 et
558 1219 627 1287 apud
650 1227 747 1268 exteros
770 1219 858 1285 gloria.
892 1214 916 1268 9.
932 1214 997 1266 Hine
1016 1217 1080 1267 duos
1095 1216 1127 1263 ine

238 1297 324 1356 parato
353 1305 365 1338 s
387 1288 474 1345 babuit
497 1288 655 1353 respublica
673 1286 755 1336 Marco
780 1294 804 1335 et
826 1285 904 1335 Lucio
920 1285 1057 1334 Antoninis
1071 1282 1128 1333 ven

239 1372 319 1420 aequo
348 1372 392 1407 ure
408 1358 578 1424 regnantibus.
615 1355 656 1407 10.
675 1355 760 1415 Lucii,
776 1354 878 1420 ingenio
893 1366 985 1418 parum
1002 1353 1083 1413 civili,
1097 1364 1127 1401 ts·

237 1426 334 1492 peditio
352 1434 436 1476 eontm
453 1425 556 1475 Parthos
576 1433 601 1474 et
616 1423 756 1488 triumphus
774 1423 832 1472 inde
849 1429 973 1474 reveotua.
1009 1422 1053 1474 ll.
1068 1419 1128 1471 nno·

239 1495 364 1555 (lontrina,
391 1506 472 1546 mores
488 1496 577 1558 aequi,
596 1493 661 1543 bella
682 1500 767 1543 eontra
785 1490 921 1541 Germanos
947 1497 972 1539 et
988 1487 1128 1539 Mareoman

238 1577 293 1622 nos,
311 1579 415 1625 quorum
429 1563 477 1613 hoo
493 1563 567 1628 longe
583 1563 758 1627 gravissimum
769 1557 894 1625 triumpho
903 1557 1021 1607 celebrat.
1041 1557 1128 1610 lata

238 1632 338 1680 toninus
356 1631 506 1681 Commodus
530 1645 545 1679 a
566 1639 637 1694 patre
659 1629 732 1678 heres
754 1629 825 1694 regni
845 1626 930 1677 addito
956 1624 1062 1676 'solemni
1084 1624 1129 1674 bine

239 1695 353 1746 (lassaris
371 1698 470 1747 nomine
488 1707 561 1746 antea
578 1699 739 1765 coustitutum,
763 1696 874 1746 moribus
892 1694 1039 1753 dissimilis,
1056 1700 1129 1743 oonut

239 1763 374 1814 Germanos
393 1766 498 1814 feliciter
518 1773 623 1830 pugnat.
660 1763 701 1816 16.
719 1762 821 1814 Helvius
842 1764 960 1813 Pertinax
981 1763 1130 1829 grandaevas

238 1835 288 1883 lam
307 1834 340 1882 ad
357 1835 488 1897 imperium
507 1842 607 1885 evectus
624 1841 681 1901 post
697 1846 768 1884 ιω
779 1834 834 1883 dias
845 1832 953 1882 militum
962 1829 1131 1895 asdidonepe-

239 1902 280 1954 rit.
316 1895 357 1951 17.
377 1900 475 1952 Salvius
492 1903 618 1962 lulianus,
644 1904 698 1953 iure
716 1903 895 1965 peritissimus,
919 1898 1042 1950 aSevaro
1058 1899 1130 1948 vietus

238 1976 296 2033 post
315 1983 353 2020 vn
369 1971 492 2020 mensium
508 1972 639 2034 imperium
656 1971 805 2019 interficitur.
833 1966 875 2018 18.
887 1967 929 2020 19.
950 1966 1085 2033 Septimius
1093 1963 1129 2014 Se·

239 2050 321 2098 verus,
338 2039 408 2098 Afer,
426 2040 536 2088 moribus
555 2040 652 2097 saevis,
669 2046 777 2086 ceterum
790 2037 895 2096 doetus,
918 2035 1082 2084 Pescennium
1095 2032 1127 2082 tu·

239 2121 311 2172 grum
330 2115 354 2156 et
363 2106 476 2156 Clodium
494 2109 619 2166 Albinum,
637 2107 734 2170 imperii
752 2105 872 2165 aemulos,
891 2105 1009 2169 opprimit
1024 2103 1125 2153 Partim

239 2190 302 2236 que,
324 2169 421 2225 Ar'abas
444 2182 468 2222 et
490 2176 633 2225 Adiabenos
656 2174 744 2233 vineit,
771 2174 923 2223 Britanniam
941 2171 1122 2223 etiaminvadit

238 2241 282 2293 20.
299 2243 418 2294 Antonini
436 2243 591 2304 Caraoallae,
617 2258 698 2306 aquo
715 2242 897 2292 Antoninianae
920 2241 1034 2291 thermae
1058 2240 1123 2291 taos·

239 2320 304 2370 sunt,
322 2311 443 2375 asperitas
461 2319 485 2361 et
501 2311 586 2360 libido.
616 2309 658 2362 21.
677 2309 751 2376 Opilii
769 2308 872 2360 Maorini
889 2317 913 2360 et
928 2309 1078 2359 Diadumeni
1090 2304 1121 2356 tilii

238 2378 314 2426 breve
332 2379 463 2441 imperium
480 2387 504 2427 et
520 2380 588 2428 nulla
603 2395 629 2428 re
648 2379 815 2430 memorabile.
845 2376 888 2428 22.
907 2374 1004 2428 Aurelii
1022 2371 1121 2428 Antonini

238 2442 393 2509 Heliogabali
410 2446 462 2495 vita
477 2447 582 2510 impura.
609 2444 650 2497 23.
669 2447 785 2495 Aurelius
803 2447 1084 2512 Alexander-reportata
1098 2441 1120 2491 dt

237 2511 320 2561 Persis
334 2515 436 2563 victoria
452 2523 476 2564 et
492 2515 638 2580 disciplinae
653 2512 766 2564 militaris
783 2516 914 2565 severitate
929 2522 1014 2566 notus.
1039 2513 1086 2564 aab
1098 2522 1118 2559 tt

238 2580 321 2631 lloruit
338 2581 458 2647 Ulpianus
476 2584 537 2634 luris
555 2584 674 2634 eonditor.

193 2670 221 2713 Ρ·
303 2667 384 2729 Can.
401 2666 423 2728 1.
448 2668 529 2729 Anno
552 2671 784 2748 octingentesimo
803 2678 832 2729 et
850 2666 1118 2749 quinquagesimali

172 2740 228 2852 ᾖξ’
239 2753 309 2812 urbe
327 2750 449 2829 condita,¹
465 2753 569 2812 Vetere
582 2763 612 2813 et
625 2754 741 2813 Valente
757 2752 943 2829 contrabium·
955 2772 1004 2815 res
1026 2753 1118 2835 publiea

213 2839 219 2851 '
237 2835 272 2895 ad
287 2838 503 2912 prosperrimum
519 2846 619 2896 statum
637 2837 720 2896 rediit
738 2837 821 2896 bonis
839 2838 1014 2915 prineipibns
1030 2833 1118 2917 ingeni

237 2917 371 2977 lelioitate
387 2921 543 2979 commissa.
575 2920 732 2980 Domitiano
749 2922 835 2993 enim,
858 2921 992 2982 exitiabili
1007 2931 1118 2999 tyranno,

237 2998 330 3059 Nerva
345 3004 494 3077 suecessit,
507 3004 550 3063 vir
562 3006 590 3062 in
603 3005 707 3082 privata
717 3005 773 3063 vite
783 3001 943 3067 moderatus
951 3013 982 3065 et
994 3015 1119 3073 mennas,

236 3081 387 3142 nobilitatis
399 3085 517 3144 mediae.
538 3086 592 3160 Qui
605 3103 693 3146 senex
703 3085 849 3146 admodum
861 3104 977 3166 operam
991 3088 1073 3151 dante
1081 3087 1120 3149 1³0·

235 3167 327 3225 trunio
342 3167 482 3242 Secundo,
501 3169 645 3245 praelecto
662 3173 817 3246 praetorio,
834 3172 900 3229 item
909 3167 1076 3248 Parthenio,
1091 3171 1121 3229 in·

235 3250 388 3309 terleetore
402 3248 563 3328 Domitiani,
580 3254 731 3330 imperator
745 3253 834 3313 laetus
845 3255 1046 3331 aequissimum
1056 3273 1087 3314 se
1102 3257 1124 3311 el

185 3362 213 3405 p,
237 3333 425 3392 civilissimum
434 3334 568 3412 praebuit.
593 3335 645 3395 Rei
660 3335 1123 3415 publieaedivinaprovisioneeon·

168 3430 225 3473 aa.
234 3416 319 3475 suluit
329 3416 474 3477 Traianum
488 3417 654 3496 adoptando.
683 3417 808 3479 llortuus
821 3428 865 3479 est
879 3418 988 3481 Romae
1005 3431 1070 3500 post
1084 3438 1122 3480 an·

184 3495 217 3543 ⁹⁸·
235 3515 299 3558 num
314 3509 342 3559 et
360 3508 478 3580 quatuor
490 3518 602 3561 menses
624 3502 732 3580 imperii
753 3504 795 3562 sni
814 3519 848 3563 ae
869 3502 931 3562 dies
947 3513 1034 3584 otto,
1056 3511 1123 3567 aeta
