<?xml version="1.0" encoding="UTF-8"?>
<!DOCTYPE html PUBLIC "-//W3C//DTD XHTML 1.0 Transitional//EN"
    "http://www.w3.org/TR/xhtml1/DTD/xhtml1-transitional.dtd">
<html xmlns="http://www.w3.org/1999/xhtml" xml:lang="en" lang="en">
 <head>
  <title>
</title>
<meta http-equiv="Content-Type" content="text/html;charset=utf-8" />
  <meta name='ocr-system' content='tesseract 3.04.00' />
  <meta name='ocr-capabilities' content='ocr_page ocr_carea ocr_par ocr_line ocrx_word'/>
</head>
<body>
  <div class='ocr_page' id='page_1' title='image "./breviariumhisto00eutrgoog_0030.png"; bbox 0 0 2362 4036; ppageno 0'>
   <div class='ocr_carea' id='block_1_1' title="bbox 426 304 1091 397">
    <p class='ocr_par' dir='ltr' id='par_1_1' title="bbox 426 304 1091 397">
     <span class='ocr_line' id='line_1_1' title="bbox 426 304 1091 397; baseline 0.009 -6"><span class='ocrx_word' id='word_1_1' title='bbox 426 304 659 393; x_wconf 76' lang='lat' dir='ltr'><strong>&#39;uiuunu</strong></span> <span class='ocrx_word' id='word_1_2' title='bbox 788 328 795 353; x_wconf 82' lang='lat'><strong>¹</strong></span> <span class='ocrx_word' id='word_1_3' title='bbox 977 333 1091 397; x_wconf 49' lang='lat'><strong>130</strong></span> 
     </span>
    </p>
   </div>
   <div class='ocr_carea' id='block_1_2' title="bbox 81 491 1135 3574">
    <p class='ocr_par' dir='ltr' id='par_1_2' title="bbox 106 491 1063 992">
     <span class='ocr_line' id='line_1_2' title="bbox 109 491 1014 581; baseline 0.004 -25"><span class='ocrx_word' id='word_1_4' title='bbox 109 497 198 572; x_wconf 91' lang='lat' dir='ltr'><strong>olum,</strong></span> <span class='ocrx_word' id='word_1_5' title='bbox 222 491 424 581; x_wconf 78' lang='lat' dir='ltr'><strong>sic&#39;admiratus</strong></span> <span class='ocrx_word' id='word_1_6' title='bbox 437 507 496 572; x_wconf 86' lang='lat' dir='ltr'><strong>est,</strong></span> <span class='ocrx_word' id='word_1_7' title='bbox 519 509 549 559; x_wconf 90' lang='lat' dir='ltr'><strong>ut</strong></span> <span class='ocrx_word' id='word_1_8' title='bbox 565 519 628 560; x_wconf 89' lang='lat' dir='ltr'><strong>cum</strong></span> <span class='ocrx_word' id='word_1_9' title='bbox 645 518 708 558; x_wconf 91' lang='lat' dir='ltr'><strong>eum</strong></span> <span class='ocrx_word' id='word_1_10' title='bbox 720 502 874 577; x_wconf 82' lang='lat' dir='ltr'><strong>pauperem</strong></span> <span class='ocrx_word' id='word_1_11' title='bbox 888 493 954 560; x_wconf 75' lang='lat' dir='ltr'><strong>else</strong></span> <span class='ocrx_word' id='word_1_12' title='bbox 966 517 1014 560; x_wconf 69' lang='lat' dir='ltr'><strong>oo·</strong></span> 
     </span>
     <span class='ocr_line' id='line_1_3' title="bbox 107 581 1063 662; baseline 0.006 -24"><span class='ocrx_word' id='word_1_13' title='bbox 107 582 270 660; x_wconf 78' lang='lat' dir='ltr'><strong>gnoviss&#39;et&#39;,</strong></span> <span class='ocrx_word' id='word_1_14' title='bbox 295 589 392 658; x_wconf 87' lang='lat' dir='ltr'><strong>quarta</strong></span> <span class='ocrx_word' id='word_1_15' title='bbox 410 591 487 659; x_wconf 83' lang='lat' dir='ltr'><strong>parte</strong></span> <span class='ocrx_word' id='word_1_16' title='bbox 503 587 583 660; x_wconf 78' lang='lat' dir='ltr'><strong>regni</strong></span> <span class='ocrx_word' id='word_1_17' title='bbox 596 585 733 662; x_wconf 82' lang='lat' dir='ltr'><strong>promissa</strong></span> <span class='ocrx_word' id='word_1_18' title='bbox 752 581 904 643; x_wconf 88' lang='lat' dir='ltr'><strong>sollicitare</strong></span> <span class='ocrx_word' id='word_1_19' title='bbox 915 582 1014 644; x_wconf 88' lang='lat' dir='ltr'><strong>volue-</strong></span> <span class='ocrx_word' id='word_1_20' title='bbox 1054 608 1063 617; x_wconf 79' lang='lat'>·</span> 
     </span>
     <span class='ocr_line' id='line_1_4' title="bbox 106 662 1015 745; baseline 0.003 -21"><span class='ocrx_word' id='word_1_21' title='bbox 106 667 153 739; x_wconf 92' lang='lat' dir='ltr'><strong>rit,</strong></span> <span class='ocrx_word' id='word_1_22' title='bbox 167 672 196 722; x_wconf 92' lang='lat' dir='ltr'><strong>ut</strong></span> <span class='ocrx_word' id='word_1_23' title='bbox 209 662 243 722; x_wconf 90' lang='lat' dir='ltr'><strong>ad</strong></span> <span class='ocrx_word' id='word_1_24' title='bbox 253 682 287 735; x_wconf 92' lang='lat' dir='ltr'><strong>se</strong></span> <span class='ocrx_word' id='word_1_25' title='bbox 294 666 433 741; x_wconf 88' lang='lat' dir='ltr'><strong>transiret,</strong></span> <span class='ocrx_word' id='word_1_26' title='bbox 443 675 676 745; x_wconf 81' lang='lat' dir='ltr'><strong>contemptusque</strong></span> <span class='ocrx_word' id='word_1_27' title='bbox 688 665 840 726; x_wconf 84' lang='lat' dir='ltr'><strong>a&#39;Fabrloio</strong></span> <span class='ocrx_word' id='word_1_28' title='bbox 849 677 901 727; x_wconf 85' lang='lat' dir='ltr'><strong>est.</strong></span> <span class='ocrx_word' id='word_1_29' title='bbox 920 666 1015 740; x_wconf 79' lang='lat' dir='ltr'><strong>Quare</strong></span> 
     </span>
     <span class='ocr_line' id='line_1_5' title="bbox 108 744 1013 829; baseline 0.003 -24"><span class='ocrx_word' id='word_1_30' title='bbox 108 764 171 806; x_wconf 91' lang='lat' dir='ltr'><strong>cum</strong></span> <span class='ocrx_word' id='word_1_31' title='bbox 189 744 311 821; x_wconf 74' lang='lat' dir='ltr'><strong>Pymhus</strong></span> <span class='ocrx_word' id='word_1_32' title='bbox 330 747 435 824; x_wconf 84' lang='lat' dir='ltr'><strong>ingenti</strong></span> <span class='ocrx_word' id='word_1_33' title='bbox 454 748 642 829; x_wconf 85' lang='lat' dir='ltr'><strong>Romanorum</strong></span> <span class='ocrx_word' id='word_1_34' title='bbox 663 748 843 808; x_wconf 81' lang='lat' dir='ltr'><strong>admiratione</strong></span> <span class='ocrx_word' id='word_1_35' title='bbox 860 759 1013 825; x_wconf 90' lang='lat' dir='ltr'><strong>teneretur,</strong></span> 
     </span>
     <span class='ocr_line' id='line_1_6' title="bbox 106 830 1012 911; baseline 0.003 -22"><span class='ocrx_word' id='word_1_36' title='bbox 106 830 232 907; x_wconf 82' lang='lat' dir='ltr'><strong>legatum</strong></span> <span class='ocrx_word' id='word_1_37' title='bbox 248 831 337 905; x_wconf 84' lang='lat' dir='ltr'><strong>misit,</strong></span> <span class='ocrx_word' id='word_1_38' title='bbox 359 833 412 911; x_wconf 50' lang='lat' dir='ltr'><strong>qui,</strong></span> <span class='ocrx_word' id='word_1_39' title='bbox 425 849 525 908; x_wconf 89' lang='lat' dir='ltr'><strong>paoem</strong></span> <span class='ocrx_word' id='word_1_40' title='bbox 544 835 643 911; x_wconf 89' lang='lat' dir='ltr'><strong>aequis</strong></span> <span class='ocrx_word' id='word_1_41' title='bbox 663 831 1012 911; x_wconf 81' lang='lat' dir='ltr'><strong>condicionibuspeteret,</strong></span> 
     </span>
     <span class='ocr_line' id='line_1_7' title="bbox 107 913 1015 992; baseline 0.002 -21"><span class='ocrx_word' id='word_1_42' title='bbox 107 915 291 990; x_wconf 89' lang='lat' dir='ltr'><strong>praecipuum</strong></span> <span class='ocrx_word' id='word_1_43' title='bbox 303 913 401 990; x_wconf 82' lang='lat' dir='ltr'><strong>virum,</strong></span> <span class='ocrx_word' id='word_1_44' title='bbox 416 914 531 974; x_wconf 86' lang='lat' dir='ltr'><strong>Cineam</strong></span> <span class='ocrx_word' id='word_1_45' title='bbox 545 919 669 991; x_wconf 89' lang='lat' dir='ltr'><strong>nomine,</strong></span> <span class='ocrx_word' id='word_1_46' title='bbox 685 917 723 974; x_wconf 90' lang='lat' dir='ltr'><strong>ita</strong></span> <span class='ocrx_word' id='word_1_47' title='bbox 734 924 764 974; x_wconf 90' lang='lat' dir='ltr'><strong>ut</strong></span> <span class='ocrx_word' id='word_1_48' title='bbox 774 913 896 989; x_wconf 75' lang='lat' dir='ltr'>Pyrrhus</span> <span class='ocrx_word' id='word_1_49' title='bbox 907 924 1015 992; x_wconf 90' lang='lat' dir='ltr'><strong>partem</strong></span> 
     </span>
    </p>

    <p class='ocr_par' dir='ltr' id='par_1_3' title="bbox 81 995 851 1077">
     <span class='ocr_line' id='line_1_8' title="bbox 81 995 851 1077; baseline 0 -22"><span class='ocrx_word' id='word_1_50' title='bbox 81 1023 94 1034; x_wconf 33' lang='grc' dir='ltr'>κ</span> <span class='ocrx_word' id='word_1_51' title='bbox 107 995 216 1072; x_wconf 90' lang='lat' dir='ltr'><strong>ltaliae,</strong></span> <span class='ocrx_word' id='word_1_52' title='bbox 230 1014 310 1074; x_wconf 90' lang='lat' dir='ltr'><strong>quam</strong></span> <span class='ocrx_word' id='word_1_53' title='bbox 326 999 377 1056; x_wconf 88' lang='lat' dir='ltr'><strong>iam</strong></span> <span class='ocrx_word' id='word_1_54' title='bbox 395 1000 478 1056; x_wconf 90' lang='lat' dir='ltr'><strong>armis</strong></span> <span class='ocrx_word' id='word_1_55' title='bbox 491 1008 690 1077; x_wconf 83' lang='lat' dir='ltr'><strong>occupaverat,</strong></span> <span class='ocrx_word' id='word_1_56' title='bbox 705 998 851 1057; x_wconf 87' lang='lat' dir='ltr'><strong>obtineret.</strong></span> 
     </span>
    </p>

    <p class='ocr_par' dir='ltr' id='par_1_4' title="bbox 106 1077 1135 2321">
     <span class='ocr_line' id='line_1_9' title="bbox 158 1077 1073 1159; baseline -0.001 -20"><span class='ocrx_word' id='word_1_57' title='bbox 158 1079 255 1142; x_wconf 63' lang='lat' dir='ltr'><strong>Car.</strong></span> <span class='ocrx_word' id='word_1_58' title='bbox 267 1077 345 1138; x_wconf 88' lang='lat' dir='ltr'><strong>Xlll.</strong></span> <span class='ocrx_word' id='word_1_59' title='bbox 369 1079 426 1139; x_wconf 87' lang='lat' dir='ltr'><strong>Pax</strong></span> <span class='ocrx_word' id='word_1_60' title='bbox 442 1080 585 1159; x_wconf 81' lang='lat' dir='ltr'><strong>displicuit</strong></span> <span class='ocrx_word' id='word_1_61' title='bbox 603 1081 848 1159; x_wconf 80' lang='lat' dir='ltr'><strong>remandatumque</strong></span> <span class='ocrx_word' id='word_1_62' title='bbox 868 1078 975 1155; x_wconf 72' lang='lat' dir='ltr'><strong>Pyrrho</strong></span> <span class='ocrx_word' id='word_1_63' title='bbox 998 1099 1013 1138; x_wconf 91' lang='lat' dir='ltr'><strong>a</strong></span> <span class='ocrx_word' id='word_1_64' title='bbox 1069 1132 1073 1139; x_wconf 82' lang='lat'><strong>.</strong></span> 
     </span>
     <span class='ocr_line' id='line_1_10' title="bbox 107 1163 1012 1241; baseline 0 -19"><span class='ocrx_word' id='word_1_65' title='bbox 107 1167 277 1238; x_wconf 80' lang='lat' dir='ltr'><strong>senatu&#39;est,</strong></span> <span class='ocrx_word' id='word_1_66' title='bbox 300 1181 364 1222; x_wconf 92' lang='lat' dir='ltr'><strong>eum</strong></span> <span class='ocrx_word' id='word_1_67' title='bbox 382 1180 443 1222; x_wconf 91' lang='lat' dir='ltr'><strong>cum</strong></span> <span class='ocrx_word' id='word_1_68' title='bbox 454 1165 604 1241; x_wconf 86' lang='lat' dir='ltr'><strong>Romanis,</strong></span> <span class='ocrx_word' id='word_1_69' title='bbox 624 1166 677 1233; x_wconf 84' lang='lat' dir='ltr'><strong>nisi</strong></span> <span class='ocrx_word' id='word_1_70' title='bbox 693 1182 729 1223; x_wconf 87' lang='lat' dir='ltr'><strong>ex</strong></span> <span class='ocrx_word' id='word_1_71' title='bbox 739 1163 818 1223; x_wconf 89' lang='lat' dir='ltr'><strong>ltalia</strong></span> <span class='ocrx_word' id='word_1_72' title='bbox 828 1165 1012 1237; x_wconf 86' lang='lat' dir='ltr'><strong>recessisset,</strong></span> 
     </span>
     <span class='ocr_line' id='line_1_11' title="bbox 108 1244 1012 1325; baseline 0.001 -20"><span class='ocrx_word' id='word_1_73' title='bbox 108 1247 497 1325; x_wconf 84' lang='lat' dir='ltr'><strong>pacem-haberenonposse.</strong></span> <span class='ocrx_word' id='word_1_74' title='bbox 524 1246 594 1308; x_wconf 81' lang='lat' dir='ltr'><strong>Tum</strong></span> <span class='ocrx_word' id='word_1_75' title='bbox 603 1244 873 1308; x_wconf 83' lang='lat' dir='ltr'><strong>Romaniiussemnt</strong></span> <span class='ocrx_word' id='word_1_76' title='bbox 885 1248 1012 1324; x_wconf 85' lang='lat' dir='ltr'><strong>captivos</strong></span> 
     </span>
     <span class='ocr_line' id='line_1_12' title="bbox 107 1328 1012 1408; baseline 0 -20"><span class='ocrx_word' id='word_1_77' title='bbox 107 1346 222 1405; x_wconf 86' lang='lat' dir='ltr'><strong>omues,</strong></span> <span class='ocrx_word' id='word_1_78' title='bbox 246 1346 318 1407; x_wconf 90' lang='lat' dir='ltr'><strong>quos</strong></span> <span class='ocrx_word' id='word_1_79' title='bbox 336 1329 457 1405; x_wconf 70' lang='lat' dir='ltr'><strong>Pyrrhus</strong></span> <span class='ocrx_word' id='word_1_80' title='bbox 468 1330 643 1406; x_wconf 90' lang='lat' dir='ltr'><strong>reddiderat,</strong></span> <span class='ocrx_word' id='word_1_81' title='bbox 663 1331 781 1390; x_wconf 78' lang='lat' dir='ltr'><strong>infames</strong></span> <span class='ocrx_word' id='word_1_82' title='bbox 799 1331 912 1406; x_wconf 86' lang='lat' dir='ltr'><strong>haberi,</strong></span> <span class='ocrx_word' id='word_1_83' title='bbox 937 1328 1012 1408; x_wconf 91' lang='lat' dir='ltr'><strong>quod</strong></span> 
     </span>
     <span class='ocr_line' id='line_1_13' title="bbox 108 1413 1090 1491; baseline 0 -20"><span class='ocrx_word' id='word_1_84' title='bbox 108 1415 204 1472; x_wconf 88' lang='lat' dir='ltr'><strong>armati</strong></span> <span class='ocrx_word' id='word_1_85' title='bbox 217 1415 280 1490; x_wconf 90' lang='lat' dir='ltr'><strong>capi</strong></span> <span class='ocrx_word' id='word_1_86' title='bbox 291 1416 458 1491; x_wconf 89' lang='lat' dir='ltr'><strong>potuissent,</strong></span> <span class='ocrx_word' id='word_1_87' title='bbox 472 1430 526 1472; x_wconf 89' lang='lat' dir='ltr'><strong>nec</strong></span> <span class='ocrx_word' id='word_1_88' title='bbox 537 1423 601 1471; x_wconf 89' lang='lat' dir='ltr'><strong>ante</strong></span> <span class='ocrx_word' id='word_1_89' title='bbox 613 1430 664 1471; x_wconf 93' lang='lat' dir='ltr'><strong>oos</strong></span> <span class='ocrx_word' id='word_1_90' title='bbox 672 1413 708 1471; x_wconf 92' lang='lat' dir='ltr'><strong>ad</strong></span> <span class='ocrx_word' id='word_1_91' title='bbox 718 1422 844 1472; x_wconf 90' lang='lat' dir='ltr'><strong>veterem</strong></span> <span class='ocrx_word' id='word_1_92' title='bbox 855 1423 955 1472; x_wconf 90' lang='lat' dir='ltr'><strong>statum</strong></span> <span class='ocrx_word' id='word_1_93' title='bbox 969 1430 1012 1471; x_wconf 86' lang='lat' dir='ltr'><strong>ra·</strong></span> <span class='ocrx_word' id='word_1_94' title='bbox 1089 1420 1090 1425; x_wconf 77' lang='grc'>’</span> 
     </span>
     <span class='ocr_line' id='line_1_14' title="bbox 107 1494 1013 1573; baseline 0 -21"><span class='ocrx_word' id='word_1_95' title='bbox 107 1497 192 1570; x_wconf 85' lang='lat' dir='ltr'><strong>verti,</strong></span> <span class='ocrx_word' id='word_1_96' title='bbox 209 1497 326 1572; x_wconf 91' lang='lat' dir='ltr'><strong>quamsi</strong></span> <span class='ocrx_word' id='word_1_97' title='bbox 339 1495 600 1554; x_wconf 91' lang='lat' dir='ltr'><strong>hinorumhostium</strong></span> <span class='ocrx_word' id='word_1_98' title='bbox 615 1497 775 1554; x_wconf 90' lang='lat' dir='ltr'><strong>occisorum</strong></span> <span class='ocrx_word' id='word_1_99' title='bbox 793 1495 884 1573; x_wconf 92' lang='lat' dir='ltr'><strong>spolia</strong></span> <span class='ocrx_word' id='word_1_100' title='bbox 901 1494 1013 1555; x_wconf 87' lang='lat' dir='ltr'><strong>retulis-</strong></span> 
     </span>
     <span class='ocr_line' id='line_1_15' title="bbox 109 1572 1058 1658; baseline 0.001 -22"><span class='ocrx_word' id='word_1_101' title='bbox 109 1587 180 1637; x_wconf 90' lang='lat' dir='ltr'><strong>sent.</strong></span> <span class='ocrx_word' id='word_1_102' title='bbox 202 1576 245 1638; x_wconf 93' lang='lat' dir='ltr'><strong>lta</strong></span> <span class='ocrx_word' id='word_1_103' title='bbox 256 1577 366 1655; x_wconf 80' lang='lat' dir='ltr'><strong>legatus</strong></span> <span class='ocrx_word' id='word_1_104' title='bbox 380 1577 476 1655; x_wconf 69' lang='lat' dir='ltr'><strong>Pyrrhi</strong></span> <span class='ocrx_word' id='word_1_105' title='bbox 488 1572 621 1639; x_wconf 85' lang='lat' dir='ltr'><strong>reversus</strong></span> <span class='ocrx_word' id='word_1_106' title='bbox 640 1587 692 1641; x_wconf 87' lang='lat' dir='ltr'><strong>est.</strong></span> <span class='ocrx_word' id='word_1_107' title='bbox 715 1578 809 1658; x_wconf 86' lang='lat' dir='ltr'><strong>Aque</strong></span> <span class='ocrx_word' id='word_1_108' title='bbox 820 1596 884 1638; x_wconf 88' lang='lat' dir='ltr'><strong>cum</strong></span> <span class='ocrx_word' id='word_1_109' title='bbox 896 1594 1012 1657; x_wconf 89' lang='lat' dir='ltr'><strong>quaere·</strong></span> <span class='ocrx_word' id='word_1_110' title='bbox 1054 1598 1058 1603; x_wconf 74' lang='grc'><strong>’</strong></span> 
     </span>
     <span class='ocr_line' id='line_1_16' title="bbox 106 1659 1009 1742; baseline 0 -22"><span class='ocrx_word' id='word_1_111' title='bbox 106 1670 151 1721; x_wconf 92' lang='lat' dir='ltr'><strong>ret</strong></span> <span class='ocrx_word' id='word_1_112' title='bbox 164 1661 295 1738; x_wconf 68' lang='lat' dir='ltr'><strong>Pyrrhus,</strong></span> <span class='ocrx_word' id='word_1_113' title='bbox 314 1664 434 1740; x_wconf 84' lang='lat' dir='ltr'><strong>qualem</strong></span> <span class='ocrx_word' id='word_1_114' title='bbox 447 1662 573 1724; x_wconf 79' lang='lat' dir='ltr'><strong>Romam</strong></span> <span class='ocrx_word' id='word_1_115' title='bbox 587 1665 792 1742; x_wconf 82' lang='lat' dir='ltr'><strong>comperisset,</strong></span> <span class='ocrx_word' id='word_1_116' title='bbox 814 1659 917 1722; x_wconf 83' lang='lat' dir='ltr'><strong>Cineas</strong></span> <span class='ocrx_word' id='word_1_117' title='bbox 930 1661 1009 1735; x_wconf 85' lang='lat' dir='ltr'><strong>dixit,</strong></span> 
     </span>
     <span class='ocr_line' id='line_1_17' title="bbox 107 1747 1135 1827; baseline 0.001 -21"><span class='ocrx_word' id='word_1_118' title='bbox 107 1750 213 1824; x_wconf 81' lang='lat' dir='ltr'><strong>re‘pum</strong></span> <span class='ocrx_word' id='word_1_119' title='bbox 228 1765 262 1807; x_wconf 83' lang='lat' dir='ltr'><strong>se</strong></span> <span class='ocrx_word' id='word_1_120' title='bbox 272 1749 408 1824; x_wconf 83' lang='lat' dir='ltr'><strong>putrium</strong></span> <span class='ocrx_word' id='word_1_121' title='bbox 422 1749 558 1816; x_wconf 63' lang='lat' dir='ltr'><strong>vidium</strong></span> <span class='ocrx_word' id='word_1_122' title='bbox 580 1749 698 1808; x_wconf 79' lang='lat' dir='ltr'><strong>scilicet</strong></span> <span class='ocrx_word' id='word_1_123' title='bbox 708 1748 859 1809; x_wconf 77' lang='lat' dir='ltr'><strong>tolerildc</strong></span> <span class='ocrx_word' id='word_1_124' title='bbox 868 1747 936 1826; x_wconf 82' lang='lat' dir='ltr'><strong>fero</strong></span> <span class='ocrx_word' id='word_1_125' title='bbox 949 1765 1022 1808; x_wconf 80' lang='lat' dir='ltr'><strong>om-,</strong></span> <span class='ocrx_word' id='word_1_126' title='bbox 1070 1805 1073 1809; x_wconf 89' lang='grc'><em>,</em></span> <span class='ocrx_word' id='word_1_127' title='bbox 1130 1819 1135 1827; x_wconf 39' lang='grc'>,</span> 
     </span>
     <span class='ocr_line' id='line_1_18' title="bbox 107 1820 1025 1910; baseline -0.001 -21"><span class='ocrx_word' id='word_1_128' title='bbox 107 1848 171 1904; x_wconf 82' lang='lat' dir='ltr'><strong>uer,</strong></span> <span class='ocrx_word' id='word_1_129' title='bbox 191 1820 390 1907; x_wconf 73' lang='lat' dir='ltr'><strong>qualisnam</strong></span> <span class='ocrx_word' id='word_1_130' title='bbox 410 1829 548 1910; x_wconf 78' lang='lat' dir='ltr'><strong>Pyrrhus</strong></span> <span class='ocrx_word' id='word_1_131' title='bbox 565 1829 795 1910; x_wconf 71' lang='lat' dir='ltr'><strong>apocriphum</strong></span> <span class='ocrx_word' id='word_1_132' title='bbox 814 1840 843 1892; x_wconf 88' lang='lat' dir='ltr'><strong>et</strong></span> <span class='ocrx_word' id='word_1_133' title='bbox 864 1832 1025 1908; x_wconf 81' lang='lat' dir='ltr'><strong>reliquum.</strong></span> 
     </span>
     <span class='ocr_line' id='line_1_19' title="bbox 108 1911 1080 1992; baseline 0 -20"><span class='ocrx_word' id='word_1_134' title='bbox 108 1912 271 1973; x_wconf 76' lang='lat' dir='ltr'><strong>Graeciam</strong></span> <span class='ocrx_word' id='word_1_135' title='bbox 280 1920 452 1992; x_wconf 75' lang='lat' dir='ltr'><strong>patoretur.</strong></span> <span class='ocrx_word' id='word_1_136' title='bbox 475 1911 582 1991; x_wconf 87' lang='lat' dir='ltr'><strong>(Vlll.)</strong></span> <span class='ocrx_word' id='word_1_137' title='bbox 596 1911 675 1971; x_wconf 83' lang='lat' dir='ltr'><strong>Missi</strong></span> <span class='ocrx_word' id='word_1_138' title='bbox 691 1923 755 1973; x_wconf 88' lang='lat' dir='ltr'><strong>sunt</strong></span> <span class='ocrx_word' id='word_1_139' title='bbox 771 1922 867 1973; x_wconf 90' lang='lat' dir='ltr'><strong>contra</strong></span> <span class='ocrx_word' id='word_1_140' title='bbox 878 1912 1012 1989; x_wconf 74' lang='lat' dir='ltr'><strong>Pyrrhum</strong></span> <span class='ocrx_word' id='word_1_141' title='bbox 1024 1931 1080 1973; x_wconf 75' lang='lat' dir='ltr'><strong>nu.</strong></span> 
     </span>
     <span class='ocr_line' id='line_1_20' title="bbox 108 1993 1066 2074; baseline 0.001 -19"><span class='ocrx_word' id='word_1_142' title='bbox 108 1995 196 2055; x_wconf 86' lang='lat' dir='ltr'><strong>duces</strong></span> <span class='ocrx_word' id='word_1_143' title='bbox 214 1994 245 2059; x_wconf 85' lang='lat' dir='ltr'><strong>P.</strong></span> <span class='ocrx_word' id='word_1_144' title='bbox 262 1995 404 2074; x_wconf 80' lang='lat' dir='ltr'><strong>Sulpicius</strong></span> <span class='ocrx_word' id='word_1_145' title='bbox 423 2005 451 2054; x_wconf 88' lang='lat' dir='ltr'><strong>et</strong></span> <span class='ocrx_word' id='word_1_146' title='bbox 466 1996 574 2053; x_wconf 88' lang='lat' dir='ltr'><strong>Decius</strong></span> <span class='ocrx_word' id='word_1_147' title='bbox 586 1993 666 2068; x_wconf 86' lang='lat' dir='ltr'><strong>llus,</strong></span> <span class='ocrx_word' id='word_1_148' title='bbox 685 1993 826 2053; x_wconf 87' lang='lat' dir='ltr'><strong>consules.</strong></span> <span class='ocrx_word' id='word_1_149' title='bbox 852 1995 1009 2057; x_wconf 76' lang='lat' dir='ltr'><strong>certamine</strong></span> <span class='ocrx_word' id='word_1_150' title='bbox 1021 1999 1066 2042; x_wconf 82' lang='lat'><strong>⁴⁷³·</strong></span> 
     </span>
     <span class='ocr_line' id='line_1_21' title="bbox 108 2075 1012 2157; baseline 0 -19"><span class='ocrx_word' id='word_1_151' title='bbox 108 2080 261 2139; x_wconf 86' lang='lat' dir='ltr'><strong>commisso</strong></span> <span class='ocrx_word' id='word_1_152' title='bbox 271 2077 393 2155; x_wconf 71' lang='lat' dir='ltr'><strong>Pyrrhus</strong></span> <span class='ocrx_word' id='word_1_153' title='bbox 408 2076 570 2137; x_wconf 84' lang='lat' dir='ltr'><strong>vulneratus</strong></span> <span class='ocrx_word' id='word_1_154' title='bbox 582 2085 637 2151; x_wconf 89' lang='lat' dir='ltr'><strong>est,</strong></span> <span class='ocrx_word' id='word_1_155' title='bbox 650 2075 791 2153; x_wconf 87' lang='lat' dir='ltr'><strong>elephanti</strong></span> <span class='ocrx_word' id='word_1_156' title='bbox 805 2078 956 2157; x_wconf 80' lang='lat' dir='ltr'><strong>interlecti,</strong></span> <span class='ocrx_word' id='word_1_157' title='bbox 974 2096 1012 2138; x_wconf 81' lang='lat' dir='ltr'><strong>nx</strong></span> 
     </span>
     <span class='ocr_line' id='line_1_22' title="bbox 107 2154 1018 2239; baseline -0.003 -18"><span class='ocrx_word' id='word_1_158' title='bbox 107 2162 182 2222; x_wconf 90' lang='lat' dir='ltr'><strong>milia</strong></span> <span class='ocrx_word' id='word_1_159' title='bbox 200 2180 283 2221; x_wconf 90' lang='lat' dir='ltr'><strong>caesa</strong></span> <span class='ocrx_word' id='word_1_160' title='bbox 294 2163 426 2235; x_wconf 90' lang='lat' dir='ltr'><strong>hostium,</strong></span> <span class='ocrx_word' id='word_1_161' title='bbox 446 2170 474 2219; x_wconf 92' lang='lat' dir='ltr'><strong>et</strong></span> <span class='ocrx_word' id='word_1_162' title='bbox 486 2178 522 2218; x_wconf 87' lang='lat' dir='ltr'><strong>ex</strong></span> <span class='ocrx_word' id='word_1_163' title='bbox 532 2158 664 2219; x_wconf 86' lang='lat' dir='ltr'><strong>Romanis</strong></span> <span class='ocrx_word' id='word_1_164' title='bbox 678 2168 781 2220; x_wconf 91' lang='lat' dir='ltr'><strong>tantum</strong></span> <span class='ocrx_word' id='word_1_165' title='bbox 794 2161 916 2239; x_wconf 86' lang='lat' dir='ltr'><strong>quinque</strong></span> <span class='ocrx_word' id='word_1_166' title='bbox 927 2154 1018 2222; x_wconf 50' lang='lat' dir='ltr'><strong>milia*</strong></span> 
     </span>
     <span class='ocr_line' id='line_1_23' title="bbox 107 2240 523 2321; baseline -0.005 -18"><span class='ocrx_word' id='word_1_167' title='bbox 107 2245 229 2320; x_wconf 79' lang='lat' dir='ltr'><strong>Pyrrhuis</strong></span> <span class='ocrx_word' id='word_1_168' title='bbox 241 2240 390 2303; x_wconf 81' lang='lat' dir='ltr'><strong>Tarentum</strong></span> <span class='ocrx_word' id='word_1_169' title='bbox 401 2244 523 2321; x_wconf 83' lang='lat' dir='ltr'><strong>iugatus.</strong></span> 
     </span>
    </p>

    <p class='ocr_par' dir='ltr' id='par_1_5' title="bbox 88 2324 1129 3574">
     <span class='ocr_line' id='line_1_24' title="bbox 171 2324 1078 2402; baseline -0.003 -16"><span class='ocrx_word' id='word_1_170' title='bbox 171 2328 253 2388; x_wconf 83' lang='lat' dir='ltr'><strong>Cur.</strong></span> <span class='ocrx_word' id='word_1_171' title='bbox 265 2326 340 2388; x_wconf 85' lang='lat' dir='ltr'><strong>xlv.</strong></span> <span class='ocrx_word' id='word_1_172' title='bbox 364 2325 514 2386; x_wconf 86' lang='lat' dir='ltr'><strong>laterieoto</strong></span> <span class='ocrx_word' id='word_1_173' title='bbox 527 2343 599 2387; x_wconf 89' lang='lat' dir='ltr'><strong>anno</strong></span> <span class='ocrx_word' id='word_1_174' title='bbox 611 2336 706 2386; x_wconf 91' lang='lat' dir='ltr'><strong>contra</strong></span> <span class='ocrx_word' id='word_1_175' title='bbox 717 2324 1009 2402; x_wconf 77' lang='lat' dir='ltr'><strong>Pyrrhum-Fabricius</strong></span> <span class='ocrx_word' id='word_1_176' title='bbox 1023 2343 1078 2385; x_wconf 72' lang='lat' dir='ltr'><strong>au.</strong></span> 
     </span>
     <span class='ocr_line' id='line_1_25' title="bbox 88 2410 1079 2491; baseline -0.002 -19"><span class='ocrx_word' id='word_1_177' title='bbox 88 2482 94 2491; x_wconf 31' lang='grc' dir='ltr'>ι</span> <span class='ocrx_word' id='word_1_178' title='bbox 107 2422 151 2472; x_wconf 85' lang='lat' dir='ltr'><strong>est</strong></span> <span class='ocrx_word' id='word_1_179' title='bbox 163 2415 282 2487; x_wconf 91' lang='lat' dir='ltr'><strong>missus,</strong></span> <span class='ocrx_word' id='word_1_180' title='bbox 301 2413 348 2490; x_wconf 92' lang='lat' dir='ltr'><strong>qui</strong></span> <span class='ocrx_word' id='word_1_181' title='bbox 360 2413 437 2489; x_wconf 90' lang='lat' dir='ltr'><strong>prius</strong></span> <span class='ocrx_word' id='word_1_182' title='bbox 449 2413 521 2470; x_wconf 90' lang='lat' dir='ltr'><strong>inter</strong></span> <span class='ocrx_word' id='word_1_183' title='bbox 531 2410 642 2489; x_wconf 83' lang='lat' dir='ltr'><strong>legatos</strong></span> <span class='ocrx_word' id='word_1_184' title='bbox 653 2410 800 2470; x_wconf 87' lang='lat' dir='ltr'><strong>sollicitari</strong></span> <span class='ocrx_word' id='word_1_185' title='bbox 814 2427 871 2471; x_wconf 89' lang='lat' dir='ltr'><strong>nou</strong></span> <span class='ocrx_word' id='word_1_186' title='bbox 883 2418 1012 2488; x_wconf 85' lang='lat' dir='ltr'><strong>potuerat</strong></span> <span class='ocrx_word' id='word_1_187' title='bbox 1024 2411 1079 2460; x_wconf 77' lang='lat'><strong>⁴⁷⁴·-</strong></span> 
     </span>
     <span class='ocr_line' id='line_1_26' title="bbox 107 2493 1129 2576; baseline -0.003 -20"><span class='ocrx_word' id='word_1_188' title='bbox 107 2505 203 2576; x_wconf 87' lang='lat' dir='ltr'><strong>quarta</strong></span> <span class='ocrx_word' id='word_1_189' title='bbox 215 2505 293 2574; x_wconf 90' lang='lat' dir='ltr'><strong>parte</strong></span> <span class='ocrx_word' id='word_1_190' title='bbox 309 2497 389 2573; x_wconf 78' lang='lat' dir='ltr'><strong>regni</strong></span> <span class='ocrx_word' id='word_1_191' title='bbox 401 2497 548 2573; x_wconf 85' lang='lat' dir='ltr'><strong>promissa.</strong></span> <span class='ocrx_word' id='word_1_192' title='bbox 570 2493 649 2568; x_wconf 82' lang='lat' dir='ltr'><strong>Tum,</strong></span> <span class='ocrx_word' id='word_1_193' title='bbox 668 2510 730 2553; x_wconf 89' lang='lat' dir='ltr'><strong>cum</strong></span> <span class='ocrx_word' id='word_1_194' title='bbox 741 2496 832 2554; x_wconf 90' lang='lat' dir='ltr'><strong>vicina</strong></span> <span class='ocrx_word' id='word_1_195' title='bbox 844 2503 934 2554; x_wconf 83' lang='lat' dir='ltr'><strong>oastm</strong></span> <span class='ocrx_word' id='word_1_196' title='bbox 950 2498 1012 2572; x_wconf 84' lang='lat' dir='ltr'><strong>ipsc</strong></span> <span class='ocrx_word' id='word_1_197' title='bbox 1060 2536 1063 2541; x_wconf 89' lang='lat'>-</span> <span class='ocrx_word' id='word_1_198' title='bbox 1126 2508 1129 2515; x_wconf 90' lang='lat'>·</span> 
     </span>
     <span class='ocr_line' id='line_1_27' title="bbox 107 2577 1010 2656; baseline -0.003 -16"><span class='ocrx_word' id='word_1_199' title='bbox 107 2590 135 2640; x_wconf 89' lang='lat' dir='ltr'><strong>et</strong></span> <span class='ocrx_word' id='word_1_200' title='bbox 144 2598 195 2640; x_wconf 84' lang='lat' dir='ltr'><strong>rex</strong></span> <span class='ocrx_word' id='word_1_201' title='bbox 209 2580 359 2655; x_wconf 83' lang='lat' dir='ltr'><strong>habereut,</strong></span> <span class='ocrx_word' id='word_1_202' title='bbox 379 2579 505 2638; x_wconf 83' lang='lat' dir='ltr'><strong>meditus</strong></span> <span class='ocrx_word' id='word_1_203' title='bbox 514 2578 611 2654; x_wconf 71' lang='lat' dir='ltr'><strong>Pyrrhi</strong></span> <span class='ocrx_word' id='word_1_204' title='bbox 623 2577 657 2637; x_wconf 90' lang='lat' dir='ltr'><strong>ad</strong></span> <span class='ocrx_word' id='word_1_205' title='bbox 669 2596 733 2637; x_wconf 91' lang='lat' dir='ltr'><strong>eum</strong></span> <span class='ocrx_word' id='word_1_206' title='bbox 743 2587 827 2637; x_wconf 89' lang='lat' dir='ltr'><strong>nocte</strong></span> <span class='ocrx_word' id='word_1_207' title='bbox 838 2579 925 2654; x_wconf 85' lang='lat' dir='ltr'><strong>veuit,</strong></span> <span class='ocrx_word' id='word_1_208' title='bbox 946 2595 1010 2656; x_wconf 92' lang='lat' dir='ltr'><strong>pro·</strong></span> 
     </span>
     <span class='ocr_line' id='line_1_28' title="bbox 106 2660 1010 2739; baseline -0.003 -17"><span class='ocrx_word' id='word_1_209' title='bbox 106 2666 217 2722; x_wconf 91' lang='lat' dir='ltr'><strong>mittens</strong></span> <span class='ocrx_word' id='word_1_210' title='bbox 229 2679 261 2722; x_wconf 88' lang='lat' dir='ltr'><strong>se</strong></span> <span class='ocrx_word' id='word_1_211' title='bbox 272 2679 382 2721; x_wconf 87' lang='lat' dir='ltr'><strong>veneno</strong></span> <span class='ocrx_word' id='word_1_212' title='bbox 394 2660 527 2737; x_wconf 72' lang='lat' dir='ltr'><strong>Pyrrhum</strong></span> <span class='ocrx_word' id='word_1_213' title='bbox 544 2664 713 2736; x_wconf 87' lang='lat' dir='ltr'><strong>occisurum,</strong></span> <span class='ocrx_word' id='word_1_214' title='bbox 732 2663 756 2720; x_wconf 88' lang='lat' dir='ltr'><strong>si</strong></span> <span class='ocrx_word' id='word_1_215' title='bbox 768 2662 822 2721; x_wconf 89' lang='lat' dir='ltr'><strong>sibi</strong></span> <span class='ocrx_word' id='word_1_216' title='bbox 834 2661 937 2739; x_wconf 91' lang='lat' dir='ltr'><strong>aliquid</strong></span> <span class='ocrx_word' id='word_1_217' title='bbox 950 2661 1010 2739; x_wconf 91' lang='lat' dir='ltr'><strong>pol-</strong></span> 
     </span>
     <span class='ocr_line' id='line_1_29' title="bbox 106 2743 1011 2823; baseline -0.003 -18"><span class='ocrx_word' id='word_1_218' title='bbox 106 2746 254 2821; x_wconf 84' lang='lat' dir='ltr'><strong>liceretur,</strong></span> <span class='ocrx_word' id='word_1_219' title='bbox 276 2762 361 2823; x_wconf 89' lang='lat' dir='ltr'><strong>quem</strong></span> <span class='ocrx_word' id='word_1_220' title='bbox 374 2744 517 2804; x_wconf 85' lang='lat' dir='ltr'><strong>Fabricius</strong></span> <span class='ocrx_word' id='word_1_221' title='bbox 534 2748 657 2805; x_wconf 87' lang='lat' dir='ltr'><strong>vinctum</strong></span> <span class='ocrx_word' id='word_1_222' title='bbox 673 2744 770 2810; x_wconf 88' lang='lat' dir='ltr'><strong>reduci</strong></span> <span class='ocrx_word' id='word_1_223' title='bbox 781 2747 864 2805; x_wconf 87' lang='lat' dir='ltr'><strong>iussit</strong></span> <span class='ocrx_word' id='word_1_224' title='bbox 874 2743 908 2804; x_wconf 92' lang='lat' dir='ltr'><strong>ad</strong></span> <span class='ocrx_word' id='word_1_225' title='bbox 923 2744 1011 2803; x_wconf 94' lang='lat' dir='ltr'><strong>domi·</strong></span> 
     </span>
     <span class='ocr_line' id='line_1_30' title="bbox 107 2827 1011 2908; baseline -0.001 -20"><span class='ocrx_word' id='word_1_226' title='bbox 107 2847 171 2888; x_wconf 91' lang='lat' dir='ltr'><strong>num</strong></span> <span class='ocrx_word' id='word_1_227' title='bbox 184 2827 346 2907; x_wconf 75' lang='lat' dir='ltr'><strong>Pyrrhoque</strong></span> <span class='ocrx_word' id='word_1_228' title='bbox 358 2827 424 2898; x_wconf 84' lang='lat' dir='ltr'><strong>dici,</strong></span> <span class='ocrx_word' id='word_1_229' title='bbox 446 2838 625 2908; x_wconf 87' lang='lat' dir='ltr'><strong>quae-contra</strong></span> <span class='ocrx_word' id='word_1_230' title='bbox 638 2837 723 2906; x_wconf 89' lang='lat' dir='ltr'><strong>caput</strong></span> <span class='ocrx_word' id='word_1_231' title='bbox 733 2831 795 2888; x_wconf 90' lang='lat' dir='ltr'><strong>eius</strong></span> <span class='ocrx_word' id='word_1_232' title='bbox 807 2827 934 2888; x_wconf 89' lang='lat' dir='ltr'><strong>medicus</strong></span> <span class='ocrx_word' id='word_1_233' title='bbox 944 2845 1011 2906; x_wconf 92' lang='lat' dir='ltr'><strong>spo·</strong></span> 
     </span>
     <span class='ocr_line' id='line_1_31' title="bbox 108 2908 1012 2990; baseline 0.003 -19"><span class='ocrx_word' id='word_1_234' title='bbox 108 2911 268 2990; x_wconf 79' lang='lat' dir='ltr'><strong>pandisset.</strong></span> <span class='ocrx_word' id='word_1_235' title='bbox 301 2908 378 2972; x_wconf 80' lang='lat' dir='ltr'><strong>l&#39;unc</strong></span> <span class='ocrx_word' id='word_1_236' title='bbox 394 2931 446 2974; x_wconf 81' lang='lat' dir='ltr'><strong>rex</strong></span> <span class='ocrx_word' id='word_1_237' title='bbox 456 2913 611 2973; x_wconf 89' lang='lat' dir='ltr'><strong>admiratus</strong></span> <span class='ocrx_word' id='word_1_238' title='bbox 630 2931 693 2972; x_wconf 92' lang='lat' dir='ltr'><strong>eum</strong></span> <span class='ocrx_word' id='word_1_239' title='bbox 704 2911 810 2972; x_wconf 84' lang='lat' dir='ltr'><strong>dixisse</strong></span> <span class='ocrx_word' id='word_1_240' title='bbox 824 2912 926 2973; x_wconf 80' lang='lat' dir='ltr'><strong>fertur:</strong></span> <span class='ocrx_word' id='word_1_241' title='bbox 956 2912 1012 2976; x_wconf 83' lang='lat' dir='ltr'><strong>itte</strong></span> 
     </span>
     <span class='ocr_line' id='line_1_32' title="bbox 109 2993 1065 3076; baseline 0.001 -20"><span class='ocrx_word' id='word_1_242' title='bbox 109 2993 343 3071; x_wconf 81' lang='lat' dir='ltr'><strong>ertl&#39;udricius,</strong></span> <span class='ocrx_word' id='word_1_243' title='bbox 365 2999 416 3074; x_wconf 81' lang='lat' dir='ltr'><strong>qui</strong></span> <span class='ocrx_word' id='word_1_244' title='bbox 428 2996 813 3076; x_wconf 74' lang='lat' dir='ltr'><strong>difficiliusolr&#39;hoaesluie,</strong></span> <span class='ocrx_word' id='word_1_245' title='bbox 832 3014 924 3075; x_wconf 85' lang='lat' dir='ltr'><strong>quom</strong></span> <span class='ocrx_word' id='word_1_246' title='bbox 935 3001 1011 3058; x_wconf 82' lang='lat' dir='ltr'><strong>solo</strong></span> <span class='ocrx_word' id='word_1_247' title='bbox 1062 3036 1065 3041; x_wconf 93' lang='lat'><em>-</em></span> 
     </span>
     <span class='ocr_line' id='line_1_33' title="bbox 108 3078 1088 3159; baseline -0.002 -19"><span class='ocrx_word' id='word_1_248' title='bbox 108 3097 201 3140; x_wconf 81' lang='lat' dir='ltr'><strong>cursu</strong></span> <span class='ocrx_word' id='word_1_249' title='bbox 212 3098 266 3141; x_wconf 82' lang='lat' dir='ltr'><strong>ruo</strong></span> <span class='ocrx_word' id='word_1_250' title='bbox 277 3083 375 3141; x_wconf 83' lang='lat' dir='ltr'><strong>ocerti</strong></span> <span class='ocrx_word' id='word_1_251' title='bbox 390 3089 495 3159; x_wconf 83' lang='lat' dir='ltr'><strong>potest.</strong></span> <span class='ocrx_word' id='word_1_252' title='bbox 526 3078 596 3138; x_wconf 78' lang='lat' dir='ltr'><strong>&#39;l&#39;um</strong></span> <span class='ocrx_word' id='word_1_253' title='bbox 612 3096 663 3139; x_wconf 85' lang='lat' dir='ltr'><strong>rex</strong></span> <span class='ocrx_word' id='word_1_254' title='bbox 678 3079 714 3141; x_wconf 93' lang='lat' dir='ltr'><strong>ad</strong></span> <span class='ocrx_word' id='word_1_255' title='bbox 724 3080 848 3140; x_wconf 90' lang='lat' dir='ltr'><strong>Siciliam</strong></span> <span class='ocrx_word' id='word_1_256' title='bbox 864 3080 1011 3159; x_wconf 87' lang='lat' dir='ltr'><strong>proiectus</strong></span> <span class='ocrx_word' id='word_1_257' title='bbox 1024 3082 1088 3125; x_wconf 68' lang='lat' dir='ltr'><strong>Ml·-</strong></span> 
     </span>
     <span class='ocr_line' id='line_1_34' title="bbox 107 3149 1067 3258; baseline -0.001 -37"><span class='ocrx_word' id='word_1_258' title='bbox 107 3170 161 3221; x_wconf 86' lang='lat' dir='ltr'><strong>est.</strong></span> <span class='ocrx_word' id='word_1_259' title='bbox 195 3160 340 3222; x_wconf 79' lang='lat' dir='ltr'><strong>Fabricios</strong></span> <span class='ocrx_word' id='word_1_260' title='bbox 356 3165 439 3223; x_wconf 83' lang='lat' dir='ltr'><strong>victis</strong></span> <span class='ocrx_word' id='word_1_261' title='bbox 456 3162 625 3223; x_wconf 85' lang='lat' dir='ltr'><strong>Samnitibus</strong></span> <span class='ocrx_word' id='word_1_262' title='bbox 643 3173 671 3223; x_wconf 91' lang='lat' dir='ltr'><strong>et</strong></span> <span class='ocrx_word' id='word_1_263' title='bbox 680 3162 804 3225; x_wconf 80' lang='lat' dir='ltr'><strong>¹Lucanis</strong></span> <span class='ocrx_word' id='word_1_264' title='bbox 821 3163 1008 3241; x_wconf 84' lang='lat' dir='ltr'><strong>triumphavit.</strong></span> <span class='ocrx_word' id='word_1_265' title='bbox 1021 3149 1067 3258; x_wconf 44' lang='grc' dir='ltr'><strong>ἕξ·</strong></span> 
     </span>
     <span class='ocr_line' id='line_1_35' title="bbox 108 3243 1068 3308; baseline -0.003 -3"><span class='ocrx_word' id='word_1_266' title='bbox 108 3243 249 3305; x_wconf 81' lang='lat' dir='ltr'><strong>Consules</strong></span> <span class='ocrx_word' id='word_1_267' title='bbox 268 3244 369 3306; x_wconf 90' lang='lat' dir='ltr'><strong>dcinde</strong></span> <span class='ocrx_word' id='word_1_268' title='bbox 389 3244 490 3307; x_wconf 82' lang='lat' dir='ltr'><strong>Curius</strong></span> <span class='ocrx_word' id='word_1_269' title='bbox 511 3246 648 3306; x_wconf 86' lang='lat' dir='ltr'><strong>Dentatus</strong></span> <span class='ocrx_word' id='word_1_270' title='bbox 666 3257 695 3306; x_wconf 91' lang='lat' dir='ltr'><strong>et</strong></span> <span class='ocrx_word' id='word_1_271' title='bbox 712 3247 860 3308; x_wconf 79' lang='lat' dir='ltr'><strong>Cornelius</strong></span> <span class='ocrx_word' id='word_1_272' title='bbox 878 3243 1012 3304; x_wconf 86' lang='lat' dir='ltr'><strong>Lentulus</strong></span> <span class='ocrx_word' id='word_1_273' title='bbox 1063 3248 1068 3262; x_wconf 91' lang='lat'>&#39;</span> 
     </span>
     <span class='ocr_line' id='line_1_36' title="bbox 106 3326 1011 3405; baseline -0.001 -16"><span class='ocrx_word' id='word_1_274' title='bbox 106 3328 242 3389; x_wconf 86' lang='lat' dir='ltr'><strong>adversus</strong></span> <span class='ocrx_word' id='word_1_275' title='bbox 262 3326 396 3404; x_wconf 78' lang='lat' dir='ltr'><strong>Pyrrhum</strong></span> <span class='ocrx_word' id='word_1_276' title='bbox 412 3332 489 3388; x_wconf 91' lang='lat' dir='ltr'><strong>missi</strong></span> <span class='ocrx_word' id='word_1_277' title='bbox 507 3340 580 3391; x_wconf 89' lang='lat' dir='ltr'><strong>sunt.</strong></span> <span class='ocrx_word' id='word_1_278' title='bbox 609 3329 710 3391; x_wconf 87' lang='lat' dir='ltr'><strong>Curius</strong></span> <span class='ocrx_word' id='word_1_279' title='bbox 722 3341 818 3390; x_wconf 89' lang='lat' dir='ltr'><strong>ooutra</strong></span> <span class='ocrx_word' id='word_1_280' title='bbox 830 3347 894 3389; x_wconf 88' lang='lat' dir='ltr'><strong>eum</strong></span> <span class='ocrx_word' id='word_1_281' title='bbox 905 3344 1011 3405; x_wconf 73' lang='lat' dir='ltr'><strong>pugna·</strong></span> 
     </span>
     <span class='ocr_line' id='line_1_37' title="bbox 104 3407 1011 3493; baseline 0.002 -23"><span class='ocrx_word' id='word_1_282' title='bbox 104 3415 155 3488; x_wconf 85' lang='lat' dir='ltr'><strong>vit,</strong></span> <span class='ocrx_word' id='word_1_283' title='bbox 177 3413 333 3473; x_wconf 85' lang='lat' dir='ltr'><strong>exercitum</strong></span> <span class='ocrx_word' id='word_1_284' title='bbox 349 3414 410 3472; x_wconf 89' lang='lat' dir='ltr'><strong>eius</strong></span> <span class='ocrx_word' id='word_1_285' title='bbox 422 3413 535 3490; x_wconf 82' lang='lat' dir='ltr'><strong>occidit,</strong></span> <span class='ocrx_word' id='word_1_286' title='bbox 554 3417 645 3493; x_wconf 88' lang='lat' dir='ltr'><strong>ipsum</strong></span> <span class='ocrx_word' id='word_1_287' title='bbox 658 3413 806 3474; x_wconf 82' lang='lat' dir='ltr'><strong>Tarentum</strong></span> <span class='ocrx_word' id='word_1_288' title='bbox 822 3407 943 3489; x_wconf 83' lang='lat' dir='ltr'><strong>fugavit,</strong></span> <span class='ocrx_word' id='word_1_289' title='bbox 966 3428 1011 3472; x_wconf 87' lang='lat' dir='ltr'><strong>ca-</strong></span> 
     </span>
     <span class='ocr_line' id='line_1_38' title="bbox 106 3492 1011 3574; baseline 0.001 -20"><span class='ocrx_word' id='word_1_290' title='bbox 106 3505 162 3556; x_wconf 91' lang='lat' dir='ltr'><strong>stra</strong></span> <span class='ocrx_word' id='word_1_291' title='bbox 182 3498 267 3574; x_wconf 87' lang='lat' dir='ltr'><strong>cepit.</strong></span> <span class='ocrx_word' id='word_1_292' title='bbox 297 3495 338 3556; x_wconf 85' lang='lat' dir='ltr'><strong>Ea</strong></span> <span class='ocrx_word' id='word_1_293' title='bbox 355 3494 400 3556; x_wconf 91' lang='lat' dir='ltr'><strong>die</strong></span> <span class='ocrx_word' id='word_1_294' title='bbox 420 3514 504 3557; x_wconf 84' lang='lat' dir='ltr'><strong>caesa</strong></span> <span class='ocrx_word' id='word_1_295' title='bbox 525 3498 646 3558; x_wconf 91' lang='lat' dir='ltr'><strong>hostium</strong></span> <span class='ocrx_word' id='word_1_296' title='bbox 663 3513 734 3558; x_wconf 80' lang='lat' dir='ltr'><strong>arm</strong></span> <span class='ocrx_word' id='word_1_297' title='bbox 746 3496 830 3554; x_wconf 91' lang='lat' dir='ltr'><strong>milia.</strong></span> <span class='ocrx_word' id='word_1_298' title='bbox 865 3492 966 3555; x_wconf 83' lang='lat' dir='ltr'><strong>Curius</strong></span> <span class='ocrx_word' id='word_1_299' title='bbox 984 3497 1011 3555; x_wconf 93' lang='lat' dir='ltr'><strong>in</strong></span> 
     </span>
    </p>
   </div>
   <div class='ocr_carea' id='block_1_3' title="bbox 0 0 1186 4036">
    <p class='ocr_par' dir='ltr' id='par_1_6' title="bbox 0 0 1186 4036">
     <span class='ocr_line' id='line_1_39' title="bbox 0 0 1186 4036; baseline 0 0"><span class='ocrx_word' id='word_1_300' title='bbox 0 0 1186 4036; x_wconf 95' lang='lat' dir='ltr'><strong> </strong></span> 
     </span>
    </p>
   </div>
  </div>
 </body>
</html>
