2362 4036
170 261 213 325 oo
284 350 292 357 ..
479 217 864 343 0auraonrr'*
966 346 970 353 ὑ

169 432 198 492 in
210 427 298 490 Gallia
311 423 453 486 Tetricum
463 423 537 498 apud
550 424 717 488 Catalaunos
733 427 797 504 ipso
803 423 915 486 Tetrico
931 421 1071 502 prodente

169 513 321 574 exercitum
332 525 427 583 suum,
453 506 532 564 cuius
543 509 668 571 assiduas
685 510 839 570 seditiones
853 507 927 569 ferre
942 525 1001 568 nou
1021 525 1069 585 po*-

167 592 247 656 ierat.
281 591 449 666 Quinetiam
461 586 616 666 perlitatae
629 593 943 655 occultasAurelianum
962 594 1000 650 ita
1011 591 1068 676 iue-

167 686 210 740 rat
230 676 412 754 deprecatus,
439 682 469 732 ut
491 674 563 732 inter
583 671 638 731 alia
653 694 738 736 uersu
756 676 911 754 virgiliano
929 683 1069 749 uteretur:
1111 668 1114 685 '

69 787 72 790 ·
168 759 266 838 Eripe
279 779 325 821 me
340 759 386 819 laia
397 758 509 818 inrecte
519 755 615 815 naulis.
639 754 788 839 Zenobiam
800 777 925 838 quoque,
939 776 1068 838 quaeoc·

118 869 146 912 r.
171 845 232 906 ciso
253 842 399 903 Odenatho
418 841 516 907 marito
533 837 675 897 Orientem
694 842 818 920 tenebat,
840 842 913 904 haud
929 841 1017 920 longe
1036 842 1067 902 ab

103 937 160 980 c-N·
170 927 319 989 Antiochia
336 927 397 984 sine
412 925 491 1002 gravi
507 920 620 999 proelio
638 922 723 998 cepit,
738 921 941 1005 ingressusque
953 926 1068 986 Romam

109 1004 156 1049 ²⁷³⁴
169 1011 292 1073 nobilem
309 1008 475 1085 triumphum
487 1007 565 1084 quasi
576 1014 709 1082 receptor
720 1003 838 1071 Orientis
850 1009 1068 1089 Occidentisque

172 1097 232 1174 egit
245 1112 354 1155 currum
366 1089 600 1170 praecedentibus
611 1086 724 1148 Tetrico
736 1091 905 1155 etzenohin,
941 1093 997 1167 Qui
1010 1094 1067 1172 qni-
1111 1086 1114 1091 ’

171 1179 235 1238 dem
251 1176 378 1237 Tetricus
395 1181 540 1234 corrector
556 1171 694 1232 Lucaniae
709 1180 809 1248 postea
822 1177 874 1237 tuis
894 1195 928 1237 an
946 1179 1069 1255 privatus

171 1261 326 1320 diutissime
336 1258 423 1326 vixiit
444 1255 570 1317 Zenobia
584 1265 677 1316 aulem
688 1263 831 1334 posteros,
848 1263 895 1337 qui
908 1262 999 1322 adhuc
1014 1279 1068 1321 ms·

170 1352 246 1419 nent,
258 1342 365 1402 Romae
375 1338 498 1420 reliquit.
872 1344 873 1347 ’

233 1427 319 1488 (iar.
337 1423 411 1486 XIV.
440 1423 503 1485 lloc
522 1424 677 1505 imperante
694 1424 777 1483 etiam
795 1429 936 1485 monetarii
952 1428 981 1487 in
1000 1428 1071 1488 urbe

171 1511 378 1571 rebellaverunt
389 1510 492 1568 vitiatis
506 1511 633 1586 pecuniis
650 1517 679 1567 et
699 1506 875 1567 Felicissimo
890 1509 1014 1571 rationali
1030 1514 1070 1573 in·

171 1595 302 1654 terfecto.
330 1592 409 1666 Quos
419 1591 585 1650 Aurelianus
599 1592 691 1648 victos
708 1589 802 1648 ultima
817 1587 980 1648 crudelitate
993 1590 1072 1654 nom-¹

172 1678 292 1752 pescuit.
314 1674 450 1732 Plurimos
460 1672 572 1729 nobiles
578 1673 670 1746 capite
681 1671 827 1729 damnavit.
850 1671 958 1728 Saevus
970 1680 998 1728 et
1009 1691 1071 1738 san.

171 1757 329 1834 gamarias,
352 1771 385 1812 ac
405 1752 583 1812 necessarius
598 1753 687 1828 magis
704 1754 732 1811 in
747 1751 926 1828 quibusdam,
947 1769 1030 1827 quam
1046 1759 1076 1813 in

171 1839 229 1899 ullo
242 1835 366 1898 amabilis
377 1836 538 1913 imperator.
560 1834 635 1894 Trux
645 1836 718 1894 omni
729 1833 1013 1911 tempore‚etiamiilii
1024 1853 1075 1895 so·

170 1924 242 1984 roris
256 1920 429 1996 interlector,
443 1918 607 1997 discipliuae
618 1928 711 1978 tamen
721 1917 846 1980 militaris
861 1927 889 1977 et
899 1936 1006 1978 morum
1016 1918 1075 1980 dis-

170 2004 325 2067 solutorum
339 2022 440 2083 magna
451 2023 487 2063 en
500 2013 578 2082 parte
591 2013 743 2063 corrector.

190 2104 193 2116 ·
233 2089 318 2150 Dar.
332 2088 393 2148 XV.
429 2088 532 2155 Urbem
547 2087 663 2147 Romam
684 2088 769 2146 muris
790 2087 955 2146 firmioribus
975 2087 1074 2147 cinxit.

170 2171 316 2251 Templum
322 2172 382 2232 Soli
394 2169 560 2249 aedificarit,
571 2172 601 2231 in
609 2172 811 2250 quoinlinitum
821 2172 879 2230 auri
890 2188 1072 2248 gemmarum·

171 2275 227 2335 que
239 2256 410 2316 constituit..
424 2251 596 2315 Provinciam
613 2256 744 2330 Daciam,
764 2273 844 2333 quam
856 2252 989 2315 Traianus
1000 2253 1073 2315 ultra

169 2339 326 2399 Danubium
337 2338 454 2412 lecerat,
469 2339 615 2398 intermisit
626 2348 734 2398 vastato
747 2340 820 2398 omni
831 2335 944 2414 lllprico
957 2337 1072 2397 etlloe-

170 2422 213 2481 sia
227 2419 380 2496 desperans
398 2438 461 2479 eam
478 2436 565 2496 posse
576 2423 699 2496 retineri,
720 2421 913 2499 abductosque
927 2421 1072 2482 Romanos

170 2521 207 2563 ex
220 2503 333 2562 urbibus
348 2511 377 2562 et
391 2504 467 2581 agris
477 2503 584 2566 Daciae
595 2505 623 2562 in
633 2503 724 2564 media
735 2503 1010 2565 lloesiacollocavit
1020 2522 1068 2582 ap·

169 2587 341 2667 pellavitque
356 2606 416 2647 eam
428 2586 558 2662 Daciam,
581 2606 654 2666 quae
665 2606 739 2648 nunc
755 2589 823 2648 duas
833 2587 956 2649 Moesias
972 2589 1070 2648 dividit

170 2680 199 2731 et
210 2680 253 2732 est
264 2673 293 2730 in
306 2670 583 2731 dentraDanubio-in
593 2690 668 2731 mare
679 2671 788 2748 fluenti,
810 2691 872 2732 curn
889 2683 969 2733 antea
985 2673 1070 2732 luerit

168 2757 197 2814 iu
207 2755 295 2817 laeva.
325 2753 469 2814 Occiditur
478 2756 553 2815 servi
567 2757 611 2814 sui
625 2755 733 2832 fraude,
746 2759 793 2835 qu'i
805 2757 840 2816 arl
852 2757 985 2835 quosdam
997 2756 1068 2815 mili·

169 2846 244 2898 tares
261 2840 349 2912 viros,
365 2839 471 2896 amicos
483 2839 582 2915 ipsius,
599 2843 709 2899 nomina
722 2840 833 2917 pertulit
850 2849 977 2901 annotata
994 2839 1069 2898 falso

168 2937 276 2979 manum
292 2922 353 2978 eius
371 2921 509 2999 imitatus,
531 2930 660 3001 tanquam
679 2921 844 2997 Aurelianus
860 2925 939 3003 ipsos
957 2933 1069 3002 pararet

169 3002 310 3061 occidere.
346 3000 444 3083 ltaque
464 3013 495 3063 ut
505 3007 724 3082 praeveniretur,
744 3006 779 3066 ab
793 3007 891 3067 iisdem
903 3007 1067 3067 interiectus
1096 3032 1099 3037 2

83 3120 92 3141 ·.
169 3094 213 3145 est
225 3087 253 3144 in
266 3085 373 3144 itineris
384 3086 493 3163 medio,
516 3088 592 3166 quod
607 3090 678 3148 inter
689 3087 948 3168 Constantinopolin
964 3100 993 3150 et
1009 3089 1065 3149 lle·

167 3168 288 3231 racleam
299 3177 344 3228 est
355 3177 456 3231 stratae
466 3172 581 3231 veteris.
593 3221 600 3237 .
613 3169 704 3250 Locus
718 3172 955 3251 Caenophrurium
966 3174 1064 3253 appele

167 3251 246 3312 latur.
261 3250 338 3313 biors
349 3260 440 3313 tamen
451 3255 512 3314 eius
522 3253 607 3314 inulta
616 3271 673 3315 non
683 3256 743 3321 init.
758 3255 982 3337 Meruitquoque
994 3260 1067 3318 inter

166 3333 256 3396 Divos
266 3335 374 3396 referri.
402 3333 550 3414 imperavit
564 3354 651 3405 anons
664 3342 797 3419 quinque,
809 3359 922 3402 meuses
936 3362 975 3403 ur.

228 3418 310 3482 Dar.
321 3417 470 3504 Xlll.(X.)
486 3419 597 3484 Tacitus
609 3431 674 3503 post
684 3424 757 3486 bunc
768 3427 894 3506 suscepit
904 3426 1062 3507 imperium,
