2362 4036
179 304 258 370 ’8
409 268 413 274 “
568 307 810 365 uuunoutu

98 490 102 497 ·
166 487 220 531 nu.
295 468 383 530 cuo.
399 467 474 539 XVI.
494 467 606 550 (XIV.)¹
624 467 754 528 Caesone
770 466 859 529 Fabio
883 476 911 528 et
926 464 991 527 'lito
1009 465 1137 546 Virginis

170 556 218 602 ²⁷⁸·
232 568 309 612 ooss.
325 554 444 614 trecenti
459 551 571 611 nobiles
586 554 724 626 homines,
737 554 786 629 qui
797 550 926 611 exllabia
935 550 1043 610 iamilia
1052 561 1134 627 erant,

232 644 329 696 eontra
339 634 655 695 Veientesbellumsoli
668 643 866 711 susceperunt,
881 636 1084 712 promittentes
1097 640 1135 694 s'e

230 720 305 778 notui
316 727 345 777 et
356 717 463 796 populo
474 734 527 795 per
542 737 575 777 se
588 735 670 779 omne
682 725 822 776 certamen
834 716 1014 794 implendum.
1040 715 1136 797 ltaque

230 801 368 879 proiecti,
385 815 482 860 omnes
496 801 609 861 nobiles
626 801 714 877 etqui
733 799 836 876 singuli
847 815 1011 877 magnorum
1028 802 1136 860 exerei-

228 893 305 944 tuom
317 884 405 944 duoes
419 902 485 943 esse
500 883 651 958 deberem,
668 885 695 942 in
715 882 826 960 proelio
843 883 1038 942 conciderunt.
1064 883 1137 943 Unus

229 969 341 1027 omnino
350 967 488 1044 superfuit
499 975 615 1026 extenta
623 965 736 1039 familia,
749 967 796 1042 qui
808 974 925 1043 propter
935 973 1059 1025 aetutem
1071 983 1136 1044 pue·

228 1050 308 1110 rilem
321 1048 384 1109 duel
395 1065 452 1108 oon
464 1057 594 1125 potuerat
606 1049 642 1109 sd
652 1065 783 1125 pugnam.

161 1151 218 1197 nu.
234 1177 238 1181 -
291 1132 380 1193 Gur.
395 1129 485 1193 XVII,
506 1130 581 1192 Post
589 1131 661 1191 bueo
673 1146 775 1191 census
792 1133 821 1191 in
836 1132 907 1192 urbe
922 1130 1034 1191 babitus
1045 1141 1096 1193 est
1111 1142 1138 1193 et

166 1219 213 1262 Μ
227 1218 340 1275 inventa
355 1221 419 1272 eunt
435 1215 538 1273 civium
555 1216 647 1292 capito
663 1233 730 1274 oxus
740 1215 816 1274 milis
828 1235 943 1276 oeourx·
964 1213 1062 1294 (XV.)
1087 1216 1137 1276 Se·

228 1298 324 1374 quenti
341 1312 430 1368 anno,
450 1313 513 1355 oum
530 1298 559 1356 in
574 1296 677 1374 Algido
695 1305 805 1371 monte,
826 1298 860 1357 ab
878 1298 947 1356 urbe
964 1295 1137 1359 duodeoimo

227 1379 316 1439 lerme
327 1378 463 1455 miliario,
481 1379 623 1447 Romanus
636 1379 814 1440 obsideretur
827 1382 983 1455 exereitus,
1001 1378 1031 1437 b.
1048 1379 1136 1454 Quin·

227 1465 283 1522 tius
296 1459 476 1524 Cincinnatus
490 1463 609 1524 dictator
621 1473 664 1524 est
675 1463 776 1540 laetus,
791 1466 838 1542 qui
850 1481 946 1541 agrum
959 1472 1082 1539 quatuor
1095 1466 1136 1525 iu·

162 1556 326 1622 nuperum
339 1546 488 1623 possidens
499 1548 624 1606 manibus
642 1549 701 1605 suis
716 1547 837 1606 oolehat.
871 1546 899 1606 Is
920 1565 982 1605 eum
999 1547 1027 1604 in
1044 1562 1137 1624 opere

173 1631 216 1673 Μ
230 1637 259 1686 et
270 1645 350 1685 araas
363 1637 440 1685 esset
450 1630 594 1701 inventus,
616 1626 720 1684 sudore
730 1628 843 1686 deterso
855 1637 949 1702 togam
961 1635 1136 1703 praetextam

228 1709 340 1784 aoeepit
354 1716 384 1765 et
395 1709 487 1766 eaesis
498 1708 626 1766 hostibus
637 1705 767 1766 liberavit
779 1710 944 1768 exereitum.

80 1852 92 1867 Ι,
161 1813 217 1856 η,
292 1790 375 1853 Gar.
390 1787 494 1849 XVIII.
508 1788 614 1869 (XVI.)
636 1788 717 1848 Anno
734 1792 934 1849 trecentesimo
947 1799 975 1848 et
991 1790 1082 1851 altero
1100 1796 1138 1855 ab
1170 1862 1175 1871 ⁴

166 1880 211 1926 ³02·
228 1872 297 1938 urbe
313 1871 424 1939 condita
443 1873 589 1948 imperium
601 1871 749 1933 consulare
766 1874 890 1949 cessavit
907 1882 934 1933 et
951 1890 1002 1951 pro
1021 1873 1136 1937 duobus

204 1998 207 2003 -
229 1954 392 2022 oonsulibus
404 1954 504 2015 deoem
515 1955 582 2015 laeti
594 1964 668 2031 sunt,
687 1957 735 2034 qul
748 1975 881 2017 summam
899 1966 1069 2035 potestatem
1085 1959 1135 2020 ha·

227 2041 338 2115 herent,
350 2037 503 2098 deoemviri
515 2039 655 2101 nominati.
677 2038 750 2119 ,Sed
772 2056 835 2099 oum
858 2041 948 2116 primo
966 2057 1037 2101 anno
1058 2041 1136 2102 bene

229 2124 366 2200 egissent,
383 2120 509 2181 seeundo
526 2140 596 2181 unus
609 2141 645 2181 ex
658 2124 703 2198 iis,
716 2122 827 2201 Appius
843 2121 991 2199 Claudius,
1012 2123 1135 2202 Virginii

231 2205 390 2280 cuiusdam,
414 2205 461 2280 qui
481 2203 607 2264 honestis
623 2206 678 2264 iam
695 2205 843 2284 stipendiis
863 2206 959 2266 eobtm
972 2204 1087 2268 Latinos
1106 2211 1135 2269 iu

229 2298 324 2350 monte
334 2284 437 2361 Algido
446 2283 590 2361 militabat,
604 2286 686 2346 filiam
697 2290 834 2364 virginem
846 2290 1133 2368 corrumperevoluit‚

230 2388 312 2448 quarn
330 2375 410 2445 pater
427 2359 546 2443 oceidit,
570 2386 606 2427 no
623 2377 748 2446 stuprum
761 2388 777 2428 a
789 2370 950 2445 decemviro
967 2375 1133 2452 sustineret,

229 2460 416 2527 et,regressus
427 2447 462 2509 ad
473 2448 591 2525 milites,
609 2453 697 2510 movit
709 2451 862 2521 tumultum.
891 2454 1066 2517 Sublataest
1084 2456 1134 2518 de·

229 2534 359 2593 oemvirls
372 2541 498 2609 potestas
510 2535 623 2611 ipsique
639 2533 758 2607 damnati
774 2546 847 2596 sunt.

160 2629 215 2674 nm.
290 2615 375 2676 Cur.
390 2614 467 2676 XIX.
475 2615 596 2697 (XVll.)
609 2617 690 2677 Anno
702 2622 901 2680 trecentesimo
913 2621 1022 2682 decimo
1034 2624 1133 2701 quinto

162 2697 209 2764 ³¹7·
228 2699 263 2770 ab
276 2699 347 2760 urbe
362 2698 472 2760 condita
483 2699 633 2760 Fidenates
649 2711 747 2761 eontra
757 2701 898 2763 Romanos
914 2705 1133 2768 rebellaverunt.

227 2781 368 2849 Auxilium
387 2783 432 2842 his
449 2783 626 2859 praestabant
641 2783 777 2845 Veientes
794 2795 822 2845 at
838 2804 890 2846 rex
906 2788 1064 2848 Veientium
1076 2788 1134 2849 To·

227 2866 358 2924 lumnius.
391 2864 471 2936 Quae
493 2865 591 2926 ambae
615 2869 743 2928 civitates
767 2877 822 2927 tam
845 2872 954 2930 vicinae
976 2872 1132 2949 urbi-sunt,

227 2956 258 3006 ut
267 2946 391 3007 Fidenae
403 2957 494 3021 sexto,
501 2947 637 3010 Veientes
643 2951 851 3028 xvunnmillauio
858 2952 958 3013 absint.
971 2951 1133 3015 coniunxe-

227 3037 290 3089 mnt
301 3047 333 3088 se
344 3029 389 3088 his
400 3038 428 3090 et
441 3030 550 3090 Volsci.
582 3032 642 3092 Sed
658 3031 799 3092 blemereo
811 3033 931 3095 Aemilio
949 3035 1086 3097 diototore
1104 3048 1134 3097 et

226 3111 257 3174 b.
269 3111 383 3184 Quintio
398 3111 560 3174 Cincinnato
571 3117 705 3192 magistro
715 3119 838 3194 equitum
850 3120 917 3178 vieti
936 3121 1019 3179 etiam
1031 3138 1134 3198 regem

141 3226 143 3231 ·
226 3192 417 3273 perdidemnt.
448 3195 571 3256 Fidenae
584 3207 684 3275 oaptae
696 3207 725 3258 et
736 3202 859 3260 axoisao.

160 3286 229 3344 nn(
291 3276 376 3337 Osa.
387 3277 450 3340 XX.
467 3278 601 3360 (XVIII.)
620 3279 697 3340 ‘Post
712 3299 752 3342 xx
767 3281 869 3343 deinde
884 3302 973 3345 annos
982 3284 1133 3346 Veientani

165 3366 211 3410 ³⁴⁹·
227 3359 443 3421 rebellaverunt.
464 3360 594 3423 Dictator
603 3370 699 3424 eontra
710 3366 790 3443 ipsos
800 3368 904 3426 missos
915 3367 1069 3427 estFurius
1076 3367 1132 3429 Ga·

227 3441 330 3522 millus,
340 3446 388 3522 qui
400 3447 516 3530 primum
527 3463 579 3506 eos
590 3447 660 3515 nteit
670 3449 742 3527 soie,
755 3465 821 3511 mox
834 3452 916 3510 etism
928 3451 1074 3512 civitatem·
1082 3451 1133 3513 diu
