2362 4036
462 328 599 386 lioba
625 330 663 386 lV.
971 321 1012 386 27
1050 391 1053 394 ,

109 491 221 571 proelio
237 493 339 552 victus.
374 491 476 570 Neque
491 500 582 552 tamen
599 491 734 566 Romani,
754 507 912 567 quanquam
927 505 1012 566 supe·
1057 474 1066 488 Χ

108 578 170 649 rati,
182 577 248 652 'regi
265 572 371 652 petenti
382 592 481 652 pacem
492 584 637 652 praestare
648 573 806 651 volucrunt,
821 573 930 633 nisibis
946 589 1012 632 con·

109 657 281 717 dicionibus:
301 667 382 719 etse
396 659 636 719 ermemmarus·
650 665 679 718 et
691 657 804 734 popolo
818 656 904 723 Rem.
917 657 1012 717 dede·

108 751 166 802 rct.
188 739 255 802 llox
265 743 368 799 missus
381 749 479 800 contra
494 759 557 799 eum
567 739 599 799 b.
610 739 746 799 Aemilius
760 737 860 797 Paulus
874 739 975 798 consul
986 746 1079 804 stau.

108 826 136 882 in
152 822 294 901 Illyricum
307 821 340 882 G.
349 822 465 884 Anicius
480 832 592 900 praetor
601 831 697 882 corrtm
710 821 847 880 Gentium.
868 821 926 881 Sed
936 820 1010 890 Gen·
1024 826 1064 868 ⁵⁸⁴
1151 890 1155 904 ἱ

94 908 164 965 ¹tius
174 904 259 965 facile
271 924 325 975 unc
337 907 448 984 proelio
459 909 550 965 vietus
565 924 631 966 mox
644 924 676 964 se
693 900 808 964 dedidit.
841 903 932 964 Mater
943 907 1011 963 ,eius
1060 909 1064 914 ’

109 997 139 1047 et
150 987 261 1046 uxor'et
276 988 331 1048 duo
342 989 402 1065 lilii,
418 989 505 1048 irater
516 1006 631 1067 quoque
643 987 724 1047 simul
740 990 768 1046 in
781 995 948 1064 potestatem
954 986 1011 1045 llo·

108 1088 251 1130 manorum
261 1081 407 1131 venerunt.
437 1069 480 1130 lta
491 1070 568 1130 bello
581 1075 651 1132 intra
662 1091 719 1130 xxx
733 1071 794 1129 dies
808 1071 936 1148 perlecto
948 1079 1012 1129 ante

109 1157 252 1231 cognitum
264 1154 448 1224 estGentium
458 1157 571 1232 victum,
591 1173 673 1233 quam
688 1162 820 1231 coeptum
830 1153 934 1213 bellum
945 1160 1012 1211 nun·
1064 1172 1068 1177 ·

107 1240 232 1297 tlaretur.

173 1320 260 1380 (las.
274 1317 335 1379 vll.
349 1318 430 1400 (lv.)
455 1318 526 1380 Cum
539 1320 646 1381 Perseo
661 1329 754 1380 autern
764 1319 899 1394 Aemilius
911 1319 1011 1383 Paulus

108 1402 250 1462 consului
265 1402 338 1461 Non.
351 1403 525 1478 Septembris
537 1402 686 1476 dimicavit,
702 1404 827 1478 vicitque
841 1421 904 1460 curn
913 1421 953 1461 xx
962 1405 1011 1461 mi·

107 1485 182 1544 libus
199 1484 324 1562 peditum
339 1486 400 1541 eius
420 1484 536 1542 occisis.
571 1483 719 1560 Equitatus
735 1500 802 1541 cum
817 1501 887 1560 rege
902 1485 1013 1559 integer
1081 1556 1086 1561 η

106 1568 190 1643 fugit.
220 1565 408 1625 Romanorum
422 1586 438 1625 c
450 1564 552 1639 milites
567 1568 662 1625 amissi
678 1574 751 1624 suut.
773 1564 866 1625 Urbes
880 1563 1012 1625 Macedo·
1125 1576 1128 1581 ·

79 1659 85 1664 “
106 1652 172 1708 niae
189 1656 302 1724 ornnes,
324 1666 393 1727 quas
408 1666 462 1711 rcx
475 1656 616 1726 tenuerat,
634 1649 766 1709 Romanis
783 1667 816 1722 aa
838 1647 1012 1708 dediderunt.

106 1733 175 1810 lpse
185 1751 247 1807 rex,
260 1749 323 1790 eum
334 1731 514 1791 desereretur
524 1733 564 1793 ab
574 1734 688 1806 amicis,
710 1734 787 1793 seuit
803 1731 919 1793 lu‘Pauli
932 1741 1012 1809 pote·

107 1824 216 1876 statem.
240 1815 297 1876 Sed
308 1815 444 1877 bonorem
459 1817 486 1874 ei
496 1815 633 1875 Aemilius
649 1831 706 1875 non
717 1818 798 1892 quasi
812 1817 890 1889 uicto
907 1814 1012 1874 habult.

107 1896 179 1956 Nam
198 1907 227 1955 et
243 1897 386 1956 volentem
403 1897 439 1956 ad
456 1897 545 1972 pedes
560 1899 615 1956 sibi
632 1897 734 1973 cadere
749 1915 805 1957 non
822 1899 963 1974 permisit,
985 1905 1015 1957 et

107 1982 185 2038 iusta
202 1995 235 2036 se
251 1980 279 2036 in
296 1978 366 2037 sella
384 1977 544 2037 collocavit.
576 1977 777 2045 Macedonibus
795 1989 823 2036 ct
838 1978 942 2057 Illyriis
958 1981 1013 2039 hae

107 2061 190 2139 leges
205 2060 366 2121 allemanls
381 2057 477 2118 datae:
489 2068 522 2119 ct
535 2060 623 2121 liberi
634 2067 734 2120 essent
750 2067 778 2120 et
789 2062 946 2121 dimidiam
962 2081 1013 2123 cc·

107 2163 177 2204 mm
190 2145 371 2204 tributorem
381 2149 593 2220 praestarent,
618 2158 699 2218 quac
710 2142 830 2217 regibus
840 2146 1012 2221 praestitis-

107 2235 196 2300 sent,
220 2234 250 2284 ot
273 2234 437 2303 appareret,
467 2223 601 2302 populum
618 2224 774 2286 Romanum
794 2241 845 2302 pro
872 2226 1014 2302 acquitate

108 2310 209 2386 magis,
217 2327 303 2386 ‘quarn
314 2310 428 2368 avaritia
438 2307 580 2368 dimicare.
595 2308 688 2386 Atque
702 2309 875 2368 inconventu
886 2308 1014 2368 finitimo·

107 2411 168 2453 rurn
190 2390 358 2470 populorum
381 2390 482 2452 Paulus
512 2390 583 2450 baec
603 2393 790 2468 pronuntiavit
811 2401 841 2451 et
854 2390 1014 2469 legationes

107 2474 253 2535 multarum
264 2476 399 2552 gentium,
413 2490 485 2552 quac
501 2472 536 2533 ad
548 2491 611 2533 curn
621 2482 771 2550 uenerant,
795 2476 1013 2552 magnificentis-
1032 2524 1034 2529 ,

109 2560 179 2617 sime
194 2559 325 2617 convivio
342 2559 434 2635 pavit,
451 2557 548 2615 dicens
563 2558 697 2618 eiusdem
707 2557 836 2617 bominis
847 2576 914 2619 esse
925 2559 1014 2620 debs·

108 2660 153 2717 rc,
170 2649 198 2700 et
208 2642 423 2713 ballomeccre,
433 2648 462 2705 et
468 2640 597 2699 convicii
601 2647 757 2716 apparate
763 2639 929 2716 elegantem
936 2658 1012 2700 esse.

170 2723 254 2783 Cas.
269 2720 346 2784 Vlll.
364 2722 432 2783 llox
444 2741 499 2781 cxx
510 2723 637 2781 trinitates
647 2717 738 2798 Epiri,
751 2737 823 2797 quac
833 2720 1011 2795 rebellarant,

109 2807 202 2883 cepit,
221 2804 351 2883 praedam
366 2805 500 2865 militibus
513 2803 662 2864 distribuit.
692 2801 809 2863 Romam
827 2820 889 2862 cum
905 2805 1012 2880 ingenti

109 2904 214 2966 pompa
228 2887 312 2947 rediit
321 2890 349 2947 ln
363 2906 435 2947 nave
448 2886 557 2963 Persei,
572 2905 644 2966 quae
655 2886 801 2946 inusitatae
813 2885 1013 2963 magnitudinis

108 2971 199 3030 fuisse
216 2971 347 3046 traditur,
371 2970 442 3030 adeo
462 2979 492 3029 ut
508 2989 559 3030 ιιιι
574 2970 686 3029 ordines
701 2968 808 3028 dicatur
821 2969 954 3029 habuisse
967 2987 1012 3028 rc·

108 3071 226 3117 morum.
262 3053 453 3130 Triumphauit
468 3063 561 3112 autern
581 3053 856 3130 magnificentissime
877 3055 906 3112 in
928 3071 1012 3112 curru
1024 3059 1080 3102 ΑΒ·

109 3152 197 3194 aureo
209 3136 392 3197 cum'duobus
409 3135 490 3211 liliis,
506 3146 625 3214 utroque
640 3133 728 3195 latere
747 3135 928 3195 adstantibus.
953 3134 1012 3194 Du·
1026 3128 1072 3170 ⁵⁸⁶·

109 3221 148 3279 eti
163 3227 227 3277 sunt
242 3227 305 3278 ante
322 3237 431 3279 currum
445 3218 501 3278 duo
516 3220 594 3296 regis
614 3216 662 3277 lllil
682 3227 711 3277 et
721 3220 784 3296 ipse
794 3213 933 3291 Perseus,
956 3233 1014 3289 xsv

109 3320 197 3362 annos
209 3310 299 3360 uatus.
323 3300 390 3361 Post
405 3320 468 3361 curn
482 3304 564 3361 etiam
579 3299 612 3359 C.
625 3300 739 3360 Anicius
751 3299 786 3359 de
800 3298 904 3378 Illyriis
915 3299 1009 3356 trium-
1019 3309 1075 3350 Ac.

109 3386 213 3462 plravlt.
238 3382 354 3442 Gentius
367 3384 521 3443 cumfratre
533 3393 561 3442 et
575 3383 639 3442 liliis
650 3391 714 3442 ante
725 3400 833 3443 currum
844 3381 943 3439 ductus
955 3389 1008 3440 est.
1027 3378 1072 3420 ⁶⁸⁶·

110 3467 155 3528 Ad
169 3468 224 3528 boc
239 3465 432 3545 spectaculum
446 3465 724 3544 commeantium
736 3481 820 3541 reges
832 3462 948 3525 Romam
962 3481 1011 3523 vc·
