2362 4036
314 323 318 341 ι
412 305 663 364 rrnsnx.
800 286 803 291 ’
915 303 954 366 77

41 468 144 529 ricum
166 467 344 553 obtinendum
369 467 513 545 profectus
526 457 698 530 ¹Constantio
718 469 852 529 Parthicis
875 469 958 529 bellis
977 499 1005 546 p,

43 561 206 630 occupato.
236 552 290 624 Qui
309 552 393 611 rebus
412 553 531 626 cognitis
548 552 582 611 ad
592 553 694 612 bellum
708 553 790 612 civile
802 570 956 612 conversus
966 568 1024 612 cnr

10 652 24 735 q
46 638 80 695 in
99 639 198 695 itinere
216 636 285 695 obiit
302 638 373 694 inter
388 632 513 695 Ciliciam
530 635 793 713 Cappadociamque
814 653 886 694 anno
907 639 956 695 im·
967 635 1013 678 ³⁶¹·

10 722 127 797 perii
140 729 241 779 octavo
254 729 282 777 et
292 720 448 795 trigesimo,
466 721 565 778 aetatis
578 724 673 796 quinto
686 730 714 778 et
729 719 954 797 quadragesimo,

10 788 15 841 'r
38 804 211 881 meruitque
223 804 293 861 inter
307 802 396 861 Divos
414 800 523 877 referri,
539 805 583 862 vir
594 806 728 880 egregiae
739 802 954 878 tranquillitatis,

10 882 192 964 ·”“ιι1ιιοίιίιιε,
210 888 291 946 nimis
303 887 399 945 amicis
412 894 439 944 et
452 886 631 945 familiaribus
643 886 777 987 credens,
793 903 859 943 mox
874 888 956 944 etiam
1051 945 1059 957 ,

10 966 17 1095 q
54 971 188 1047 uxoribus
201 970 334 1044 deditior,
354 971 401 1046 qui
417 978 508 1027 tamen
526 972 622 1047 primis
641 971 751 1047 imperii
763 970 840 1028 annis
852 970 957 1046 ingenti
1028 980 1034 987 ”

10 1098 14 1131 ,
55 1071 87 1112 se
103 1053 240 1112 modestia
252 1055 356 1131 egerit,
377 1052 548 1111 familiarium
566 1056 648 1112 etiam
666 1053 853 1130 locupletator
864 1070 956 1129 neque

10 1134 16 1217 l
55 1137 207 1196 inhonoros
218 1139 328 1211 sinens,
352 1153 468 1213 quorum
480 1136 619 1197 laboriosa
631 1146 764 1235 expertus
783 1135 883 1194 fuisset
895 1136 956 1193 offr-

10 1230 14 1305 r,
57 1222 108 1295 cia,
125 1220 159 1279 ad
175 1223 352 1279 severitatem
368 1229 457 1278 tamen
467 1222 652 1297 propensior,
672 1223 695 1279 si
708 1220 834 1317 suspicio
846 1221 956 1296 imperii

10 1312 20 1351 t
54 1302 404 1379 moveretur,m1trsalras,
424 1304 978 1381 tcurusrncrvrlrbusmagrsquarum¹
1007 1328 1010 1333 ·

10 1378 23 1443 l
55 1389 177 1446 externis
191 1387 274 1446 bellrs
293 1389 340 1446 sit
346 1386 479 1445 laudanda
492 1387 611 1446 fortuna
1008 1396 1019 1443 “.

10 1456 18 1519 l
116 1471 203 1531 Car.
219 1468 294 1529 XVl.
313 1469 420 1549 (VIII.)
447 1470 517 1528 Hinc
534 1469 655 1530 lulianus
674 1471 953 1547 rerumpotitusest,
978 1483 1003 1526 e.

53 1555 216 1632 ingentique
227 1562 359 1631 apparatu
367 1552 472 1613 Parthis
488 1553 706 1630 intulit-bellum,
724 1555 768 1612 cui
781 1513 955 1629 expeditionl
965 1551 1013 1631 ⁰5⁸

21 1680 26 1689 .
52 1655 109 1714 ego
122 1653 235 1714 quoque
247 1637 367 1696 interfui.
398 1636 513 1715 Aliquot
525 1639 627 1715 oppida
644 1647 672 1697 et
684 1636 799 1696 castella
811 1635 954 1694 Persarum
966 1619 1011 1661 333·

52 1722 80 1779 in
93 1720 261 1780 deditionem
274 1722 385 1798 accepit
395 1721 440 1779 vel
452 1724 478 1780 vi
492 1724 671 1799 expugnavit,
688 1721 890 1796 Assyriamque
904 1735 953 1794 po-

53 1803 163 1880 pulatus
179 1814 268 1864 castra
286 1805 360 1883 apud
374 1803 585 1882 Ctesiphontem
603 1809 702 1864 stativa
720 1803 887 1881 aliquamdiu
907 1803 954 1860 ha·

50 1887 121 1944 buit.
151 1886 346 1963 Remeansque
358 1890 458 1959 victor,
472 1888 535 1945 dum
546 1907 577 1944 se
588 1888 771 1947 inconsultius
785 1886 900 1963 proeliis
915 1887 954 1943 in-

51 1971 132 2042 serit,
149 1967 243 2027 hostili
255 1987 334 2027 manu
351 1969 514 2025 interfectus
528 1977 571 2026 est
585 1990 623 2030 vr.
637 1969 753 2028 Kalend
766 1968 875 2027 lulias'
867 1986 953 2045 rmpe·
978 1986 1003 2027 r.

49 2053 86 2112 rii
98 2069 168 2110 anno
181 2052 317 2128 septimo,
341 2053 438 2109 aetatis
450 2049 536 2109 altero
550 2060 578 2109 et
591 2054 747 2130 trigesimo
780 2050 892 2128 Atque
885 2060 977 2162 mter3
967 2054 1003 2162 θῶ
993 2053 1015 2095 Ν

45 2135 142 2203 Divos
156 2135 258 2193 relatus
272 2143 325 2207 est,
344 2135 386 2192 vir
401 2136 533 2210 egregius
546 2144 574 2193 et
585 2154 643 2194 rem
658 2134 817 2212 publicam
809 2122 1010 2209 ιιιιίςιιίιθι333·

51 2217 261 2303 moderaturus
282 2236 306 2276 ει
319 2235 370 2294 per
380 2217 435 2275 fata
446 2216 582 2275 lrcursset
614 2218 786 2278 Liberalibus
798 2217 955 2293 drscrpbnrs

24 2346 27 2351 .
53 2261 324 2377 apprimeeruditus,
338 2291 452 2359 Graecis
469 2299 589 2376 doctior,
614 2302 798 2379 atqueadeo,
818 2310 846 2359 ut
861 2299 955 2359 Latina
1051 2333 1053 2336 -

54 2383 173 2443 eruditio
191 2403 365 2462 nequaqnam
383 2401 444 2442 cum
463 2383 569 2442 Graeca
583 2385 701 2445 screntra
719 2387 896 2459 conveniret,
915 2384 954 2442 fa-
968 2440 978 2454 Ι

54 2459 173 2526 cundia'
167 2471 269 2544 rngenti
282 2477 310 2526 et
321 2477 457 2566 prompta,
470 2470 622 2527 memoriae
635 2471 862 2544 tenacissimae,
855 2488 881 2527 ιιι
894 2471 953 2545 qui·

52 2549 168 2609 busdam
182 2551 350 2629 philosopho
363 2554 486 2629 propior.
509 2549 539 2608 ln
555 2554 661 2610 amicos
677 2551 818 2626 liberalis,
840 2550 891 2609 sed
904 2554 953 2609 nri-

10 2638 12 2647 '
53 2652 106 2693 nus
117 2633 245 2710 diligens,
259 2644 447 2711 quamtantum
460 2635 725 2712 principemdecuit
748 2634 871 2692 Fuerunt
883 2637 955 2692 enim

53 2715 187 2790 nonnulli,
207 2719 252 2792 qui
263 2718 376 2776 vulnera
388 2717 497 2794 gloriae
510 2721 570 2776 eius
583 2719 725 2777 inferrent.
755 2716 785 2775 In
795 2718 954 2793 'provincia-

53 2799 98 2860 les
112 2800 277 2858 iustissimus
289 2801 496 2876 attributorum,
510 2803 710 2878 quatenusfreri
721 2810 830 2878 posset,
842 2817 954 2876 repres-

52 2901 112 2943 sor.
137 2880 233 2941 Civilis
246 2884 272 2941 in
283 2893 414 2960 cunctos,
433 2884 603 2944 mediocrem
616 2886 721 2946 babens
734 2885 832 2943 aerarii
849 2901 952 2958 curam,

51 2966 161 3045 gloriae
172 2965 268 3024 avidus
278 2983 311 3024 ao
321 2984 372 3044 per
383 2986 442 3026 earn
454 2970 535 3027 animi
551 2969 714 3046 plerumque
727 2967 876 3042 immodici,
889 2966 954 3026 reli-

51 3052 147 3129 gionis
161 3048 332 3109 Christianae
352 3053 518 3127 insectator,
542 3053 658 3128 perinde
675 3061 782 3126 tamen,
807 3060 835 3109 ut
853 3068 953 3110 cruore

19 3170 23 3175 -
51 3134 216 3208 abstineret,
229 3131 324 3191 blarru
336 3133 473 3194 Antonino
488 3152 543 3195 non
555 3135 700 3210 absimilis,
715 3153 798 3213 quem
810 3137 893 3193 etiam
906 3152 953 3193 ae·

50 3206 149 3276 molari
163 3216 298 3274 studebat.

20 3280 50 3350 )
116 3300 205 3358 Car.
225 3298 313 3357 thl
332 3299 411 3379 (lx.)
445 3301 510 3360 Post
522 3303 594 3361 hunc
606 3301 748 3376 Iovianus,
769 3320 815 3378 qur
827 3309 892 3357 tuno
904 3299 952 3356 do-

17 3452 21 3461 ,
48 3385 186 3445 mesticus
210 3382 357 3458 militabat,
387 3384 421 3442 ad
444 3385 620 3444 obtinendum
643 3387 789 3462 imperium
812 3399 952 3440 consensu

10 3530 13 3555 Ι
49 3467 193 3528 exercitus
206 3465 295 3526 lectus
307 3476 360 3543 est,
376 3467 613 3528 commendatione
626 3470 711 3548 patris
723 3485 804 3545 quam
820 3483 869 3525 sua
882 3464 951 3524 mili·
