2348 4080
399 327 591 385 arnanv.
906 323 947 387 35
1026 315 1032 368 ἰ

39 478 205 569 respondit,
227 490 282 550 nisi
301 507 353 553 rex
362 490 469 551 relictis
485 492 535 568 iis,
555 507 627 568 quae
638 498 838 567 occupaverat,
854 490 889 552 ad
901 507 947 550 re·

10 582 12 589 '
39 592 128 652 gnum
147 591 227 633 suum
241 572 374 636 redisset.
402 573 505 634 Postea
521 584 612 634 tamen
629 572 664 633 ad
681 572 853 651 colloquium
864 573 1000 635 ambone
1019 620 1023 626 ,
1124 596 1126 603 ’

38 666 188 716 venerunt.
217 655 276 716 Pax
293 658 433 716 intereos
450 657 573 716 ordinata
586 664 645 731 cst,
663 664 693 714 ut
704 656 781 717 Sulla
794 657 829 717 ad
843 653 1003 717 bellunum·

39 739 130 799 civile
138 740 275 799 festinans
286 756 302 798 a
313 748 396 818 tergo
410 739 566 819 periculum
583 755 640 797 non
652 737 777 815 baberet.
800 739 866 818 (V.)
877 739 948 799 Nam

38 822 108 882 dum
120 821 196 882 Sulla
208 823 235 882 in
242 822 347 883 Achaia
358 832 442 901 atque
453 821 521 882 Asia
531 821 717 881 Mithridatem
724 823 821 898 vincit,
829 821 943 899 diarius,
951 843 1018 890 aa:

38 907 92 984 qui
104 905 217 982 fugatus
230 913 304 982 erat,
325 916 355 966 et
367 905 516 969 Cornelius
528 904 626 979 Cinna,
640 922 711 984 unus
726 903 947 982 exconsulibus,
959 915 1005 957 oco.

37 985 729 1068 belluminltaliareparamntetingressiurbcm
740 987 949 1048 Romamnobl·

37 1071 168 1132 lissimos
178 1062 215 1130 dn
230 1082 327 1132 senatu
340 1082 368 1132 et
379 1072 543 1132 consulares
553 1074 631 1132 viros
646 1071 861 1146 interfecerunt,
879 1069 950 1130 mul·
1017 1068 1024 1079 ’

37 1164 89 1214 tos
112 1155 357 1232 proscripserunt,
380 1157 470 1234 ipsius
487 1154 583 1214 Sullae
603 1154 686 1213 domo
708 1172 809 1214 eversu
828 1153 900 1212 lilios
921 1162 950 1213 et

38 1254 158 1298 uxorem
170 1236 206 1295 ad
216 1237 310 1315 lugam
322 1239 525 1315 compulerunt.
550 1238 704 1298 Universos
722 1236 847 1315 reliquus
866 1255 948 1296 sena·
988 1300 993 1307 ,

37 1329 88 1380 tus
102 1320 218 1379 exturba
233 1320 345 1398 lugiens
362 1322 397 1380 ad
410 1321 514 1380 Sullam
532 1323 560 1379 in
579 1320 723 1380 Graeciam
741 1324 834 1394 venit,
853 1336 947 1395 orans,

19 1402 71 1462 ‘ut
84 1404 189 1480 patriae
202 1403 373 1465 subveniret.
401 1402 453 1462 llle
470 1405 499 1462 in
513 1402 619 1461 ltaliam
635 1404 761 1477 traiecit,
783 1402 888 1462 bellum
910 1404 949 1460 ci-

10 1548 13 1553 ,
36 1485 98 1545 vile
113 1494 247 1562 gesturus
259 1485 394 1545 adversus
406 1486 566 1545 Norbanum
585 1494 613 1542 et
625 1485 788 1560 Scipionem
806 1483 948 1543 consules.

36 1567 78 1628 m
97 1569 187 1645 primo
204 1567 314 1645 proelio
333 1578 428 1628 contra
446 1568 606 1628 Norbanum
622 1567 762 1626 dimicavit
784 1584 840 1626 non
862 1566 1009 1644 longono.

38 1669 55 1712 a
71 1651 180 1727 Capua.
205 1649 274 1710 Tum
286 1670 327 1725 un
341 1652 415 1712 milia
428 1655 490 1712 eius
501 1651 614 1727 eccidit,
631 1670 659 1710 rr
673 1649 747 1710 milia
760 1651 845 1727 cepit,
864 1669 949 1710 oxma
958 1647 1004 1688 ⁶⁶⁹·

38 1750 155 1794 snorum
167 1735 266 1796 amisit.
302 1732 371 1797 lnde
383 1736 517 1797 etiamad
529 1735 692 1811 Scipionem
710 1752 742 1792 se
762 1735 901 1792 convertit
919 1742 949 1792 et

38 1825 106 1877 ante
116 1816 255 1892 proelium
265 1827 354 1878 totum
365 1821 427 1879 eius
439 1820 593 1879 exercitum
605 1819 666 1876 sinc
677 1819 812 1896 sanguine
825 1818 853 1876 in
870 1814 947 1875 dedi·

38 1902 148 1960 tionem
164 1900 285 1974 accepit.

104 1978 279 2039 camvill.
310 1979 369 2040 Sed
385 1999 448 2040 curn
459 1981 570 2040 Romae
582 1981 679 2039 mutati
690 1980 823 2039 consules
838 1991 945 2059 esseut,
958 2013 1015 2061 ,m

10 2098 13 2105 ·
37 2063 156 2141 Marius,
175 2063 255 2124 diarii
271 2063 360 2139 lilius,
380 2081 414 2123 ac
425 2063 552 2141 Papirius
566 2061 658 2123 Carbo
677 2061 850 2120 consulatum
865 2081 947 2123 acce·
963 2082 1009 2124 mo.

40 2150 161 2226 pinsant,
174 2145 252 2206 Sulla
264 2155 361 2206 contra
372 2146 487 2206 Marium
504 2147 639 2206 iuniorem
656 2145 797 2204 dimicavit
809 2154 842 2204 ot
852 2164 889 2204 xx
899 2149 948 2205 mi·

38 2231 115 2292 libus
131 2231 192 2288 eius
208 2231 313 2291 occisis
325 2251 399 2291 occo
411 2229 447 2290 de
459 2232 517 2289 suis
531 2229 659 2307 perdidit.
680 2226 950 2293 uenerandum

40 2316 190 2390 ingressos
202 2322 256 2374 est.
287 2311 414 2389 Marium,
428 2312 508 2373 Marii
521 2313 617 2389 lilium,
630 2311 801 2373 Praenesten
813 2310 948 2388 persecu&

38 2407 85 2456 tus
103 2396 215 2456 obsedit
232 2405 261 2456 et
277 2395 312 2455 ad
328 2405 446 2456 mortem
457 2395 601 2474 compulit.
633 2395 742 2454 Rursus
754 2411 874 2471 pugnam
885 2412 948 2473 gra·

38 2481 181 2557 vissimum
198 2480 295 2539 babuit
313 2489 408 2539 contra
423 2479 604 2558 bamponiom
622 2487 651 2537 et
662 2477 836 2548 Oarinatem,
859 2477 951 2538 duces-

39 2561 128 2640 par'tis
143 2562 303 2639 Marianae,
322 2562 357 2623 ad
374 2572 482 2640 portam
494 2561 640 2623 Collinam.
668 2559 809 2621 nxxmilia
825 2561 948 2623 bostium

39 2648 68 2704 in
85 2663 121 2706 eo
137 2645 247 2723 proelio
260 2654 357 2705 contra
368 2645 473 2706 Sullam
489 2646 579 2705 fuisse
592 2644 729 2704 dicuntur.
760 2661 803 2702 xn
821 2644 896 2704 milia
913 2662 948 2703 se
1030 2716 1033 2722 Ι

39 2728 135 2788 Sullae
147 2729 324 2804 dediderunt,
343 2731 430 2788 ceteri
442 2731 469 2789 in
481 2731 554 2805 acie,
567 2730 594 2788 iu
607 2729 717 2802 castris,
731 2727 759 2785 in
771 2724 852 2802 iuga,
874 2728 947 2787 insa·

37 2811 128 2871 tiabili
143 2815 183 2872 ira
194 2813 311 2872 victoris
329 2815 487 2891 consumpti
497 2821 570 2874 sunt.
588 2809 668 2890 (vl.)
691 2808 742 2870 Gn.
754 2824 870 2886 quoque
882 2806 948 2869 ears

37 2894 88 2970 bo,
101 2894 200 2955 consul
210 2895 291 2972 alter,
304 2895 340 2956 ab
347 2895 470 2956 Arimino
482 2895 516 2957 ad
522 2894 645 2955 Siciliam
657 2894 729 2972 lupit
741 2902 769 2952 et
783 2892 821 2950 ibi
834 2909 885 2970 per
896 2891 947 2956 Gn.

37 2976 203 3056 Pompeium
219 2978 385 3067 interiectus
404 2988 465 3055 est,
485 2996 569 3058 quem
586 2969 795 3038 adolescentem
814 2976 891 3037 Sulla
907 2985 947 3036 at·

37 3079 97 3140 que
118 3079 205 3121 annos
221 3081 305 3124 unum
323 3070 352 3122 et
371 3064 470 3139 viginti
488 3071 582 3123 natum
598 3063 711 3140 cognita
732 3061 794 3121 eius
811 3060 948 3120 industria

35 3145 124 3206 tantis
148 3145 319 3205 exercitibus
341 3145 535 3225 praefecerat,
562 3151 593 3203 ut
612 3144 753 3207 secundus
772 3161 788 3203 a
806 3142 884 3203 Sulla
899 3143 948 3202 ba·
1012 3189 1024 3197 .

10 3228 165 3307 ,berctum
338 3288 341 3293 ,

105 3311 191 3374 cnr.
203 3307 254 3370 lx.
272 3309 377 3371 Occiso
390 3327 460 3390 ergo
472 3309 732 3373 cartonesmnnn
739 3307 893 3383 Pompeius
903 3319 948 3364 re·

38 3395 126 3474 cepit.
154 3378 362 3472 Transgressus
374 3393 439 3454 inde
450 3393 484 3455 od
496 3394 620 3456 Africam
627 3393 794 3465 Domitium,
806 3387 949 3450 Marianae

36 3479 129 3578 partis
139 3477 251 3560 ducem,
263 3485 293 3540 et
304 3475 448 3559 iberitam,
464 3496 563 3559 regem
572 3475 779 3621 mameranus
792 3471 948 3594 puiliomi·
