2362 4036
196 198 202 207 ’
237 219 281 284 oo
583 225 799 285 cursorii
905 226 911 233 ·

184 400 212 443 Ρ.
238 397 325 451 matre
335 387 501 450 interiectis.
533 386 636 449 Urbem
652 388 770 469 Romam
787 384 919 463 incendit,
938 393 972 460 nt
986 386 1141 466 spectacul

170 469 297 532 flletus
321 475 469 549 imaginem
488 471 631 546 cerneret,
657 472 732 549 quali
749 471 911 540 olim'Troia
926 479 1011 548 capta
1027 479 1140 533 meret

177 536 210 579 Μ·
236 554 268 616 ln
281 575 312 616 re
323 555 432 617 militari
446 555 514 616 nihil
529 556 639 616 omnino
651 573 735 614 ausus
750 554 916 614 Britanniam
933 570 1030 632 paene
1045 556 1141 618 amisit

236 639 307 700 Nam
326 639 381 700 duo
403 640 456 700 sub
476 640 532 701 hoc
557 639 730 700 nobilissima
751 638 855 717 oppida
879 647 959 715 capta
980 637 1043 697 illic
1061 647 1142 719 atque

237 741 339 784 eversa
361 733 433 788 sunt.
473 724 630 785 Armeniam
651 721 742 783 Parthi
763 721 933 782 sustulerunt
952 720 1142 802 legionesque

235 805 376 868 Romanas
388 809 439 868 sub
454 809 547 885 iugum
559 809 701 874 miserunt.
720 805 801 866 Duae
809 815 901 868 tamen
913 806 1084 883 provinciae
1094 805 1141 866 nt

238 907 274 950 eo
288 892 379 951 iactae
390 900 463 967 sunt,
475 889 579 950 Pontus
590 889 802 950 Polemoniacus
814 889 991 948 concedente
1003 907 1079 969 rege
1091 888 1139 950 m·

236 973 360 1052 lemene,
375 986 404 1035 et
414 975 503 1053 Alpes
514 973 623 1034 Cottiae
639 973 733 1035 Cottio
749 991 818 1052 rege
833 972 977 1032 defuncto.

300 1060 386 1120 Gna.
408 1059 469 1119 XV.
497 1057 551 1117 Per
570 1059 643 1118 haee
656 1058 784 1118 liomano
801 1056 862 1117 orbi
883 1055 1089 1136 exsecrabilis,
1108 1055 1138 1119 o

237 1143 364 1202 omnibns
376 1142 456 1200 simul
468 1141 614 1201 destitutos
630 1151 658 1201 et
672 1159 688 1200 a
700 1151 796 1201 senatu
807 1142 897 1201 bostis
914 1139 1067 1218 iudicatus,
1082 1158 1138 1201 cun
1174 1138 1177 1176 ¹

237 1233 418 1303 quaereretur
429 1224 463 1284 ad
478 1242 613 1302 poenam,
637 1244 710 1304 quac
724 1243 815 1303 poena
833 1233 892 1283 erat
902 1224 980 1299 talis,
1004 1232 1036 1282 ut
1053 1223 1137 1285 nudo
1171 1222 1177 1259 l

236 1326 287 1387 per
299 1307 442 1388 publicum
456 1308 554 1368 ductus
567 1309 645 1370 iurca
661 1311 743 1388 copiti
757 1310 818 1368 eius
831 1310 933 1367 inserta
944 1308 1034 1384 virgis
1050 1324 1135 1387 usque
1169 1304 1177 1380 l

236 1392 401 1454 admortem
416 1392 581 1454 caederetur
598 1403 683 1472 atque
704 1396 741 1454 ita
759 1393 988 1470 praecipitaretur
1003 1390 1040 1451 de
1060 1406 1135 1467 saxo,
1168 1377 1177 1424 l*

237 1497 253 1536 e
266 1477 368 1554 palatio
380 1477 452 1554 fugit
463 1486 492 1536 et
502 1479 529 1536 in
541 1477 699 1536 suburbano
711 1495 743 1536 sc
754 1476 847 1535 liberti
859 1477 913 1550 sui,
927 1473 1002 1552 quod
1014 1483 1060 1533 est
1072 1464 1147 1535 tnta*
1167 1449 1177 1589 G

236 1561 368 1620 Salariam
381 1570 409 1618 et
419 1559 618 1617 Nomentanam
630 1561 702 1616 viam
713 1557 747 1616 ad
760 1567 885 1634 quartum
897 1559 973 1616 urbis
981 1557 1135 1632 miliarium
1175 1592 1177 1599 π

236 1641 384 1699 interiecit.
406 1639 573 1697 Aedificavit
580 1638 687 1696 Romae
700 1640 831 1712 thermas,
845 1657 916 1715 quae
927 1648 991 1696 ante
1000 1639 1134 1701 Neronia·
1168 1633 1177 1672 ὓ

185 1751 212 1792 p,
234 1712 286 1782 nae
301 1721 390 1780 dictae
404 1719 685 1779 nuncAlexandrinae
696 1719 879 1798 appellantur.
903 1718 979 1779 Obiit
990 1722 1135 1798 trigesimo
1168 1717 1177 1755 f

168 1819 223 1860 ou.
236 1815 264 1864 et
275 1805 362 1864 altero
378 1804 476 1865 aetatis
488 1818 575 1880 anno,
594 1805 703 1882 imperii
715 1802 946 1882 quartodecimo,
962 1811 1048 1882 atque
1060 1807 1091 1867 ia
1103 1823 1135 1868 eo

184 1885 216 1928 ⁶⁸·
235 1889 324 1948 omnis
337 1887 440 1948 iamilia
454 1888 574 1965 Augusti
588 1896 816 1967 consumptaest.
977 1926 981 1931 -
1137 1925 1140 1933 ·
1171 1873 1177 1921 l

299 1972 384 2033 Gar.
399 1971 475 2034 xvi.
490 1972 557 2052 (Χ.)
585 1971 657 2032 lluio
669 1973 784 2032 Servius
801 1969 888 2032 Galba
902 1971 1053 2047 suecessit,
1071 1972 1133 2032 enti·

237 2059 388 2138 quissimae
399 2056 551 2116 nobilitatis
567 2065 695 2133 senator,
720 2074 782 2115 cum
793 2057 1032 2133 septuagesimum
1046 2064 1075 2114 ct
1086 2064 1133 2116 tor·

236 2145 302 2202 tium
314 2160 413 2201 annum
424 2147 521 2216 ageret
532 2142 642 2216 aetatis,
658 2140 693 2200 ab
703 2138 835 2217 llispanis
847 2147 876 2198 et
887 2136 973 2198 Gallis
989 2139 1135 2216 imperator

238 2227 356 2299 electus,
369 2240 435 2282 mon
446 2222 480 2280 ab
495 2225 626 2282 universo
640 2226 765 2284 exercitu
775 2223 894 2282 libenter
902 2224 1048 2299 acceptus.
1069 2220 1134 2282 llam
1157 2284 1160 2293 A

237 2310 344 2385 privata
360 2308 421 2363 eius
431 2305 489 2363 rita
500 2306 617 2382 insignis
633 2305 723 2366 iuerat
737 2306 901 2365 militaribus
913 2315 941 2364 et
954 2304 1085 2378 ciuilibus
1095 2322 1134 2365 ro·
1175 2366 1177 2375 ,

235 2391 299 2450 bus.
322 2390 416 2465 Saepe
430 2387 539 2464 consul,
555 2405 643 2466 saepe
657 2405 708 2466 pro
723 2388 851 2463 consule,
868 2389 1032 2466 irequenter
1045 2387 1135 2450 (lusio

236 2474 409 2550 gravissimis
431 2471 524 2530 bellis.
556 2470 644 2531 liuius
662 2471 749 2531 breve
766 2472 913 2549 imperium
930 2472 997 2548 luit,
1017 2481 1046 2532 et
1064 2469 1136 2551 quot

235 2558 309 2617 bona
324 2557 440 2617 haberet
454 2555 583 2632 exordia,
606 2557 659 2614 nisi
675 2555 709 2615 ad
725 2557 903 2615 severitatem
918 2558 1089 2634 propensior
1099 2556 1152 2637 ely
1170 2554 1173 2559 ’

185 2657 225 2710 n„
236 2640 356 2702 deretur.
384 2635 495 2700 insidiis
508 2649 599 2700 tamen
611 2638 728 2699 Othonis
743 2641 854 2698 occisus
867 2649 910 2699 est
922 2640 1033 2719 imperii
1043 2656 1136 2700 menso

65 2784 68 2790 .
123 2762 125 2767 ·
169 2725 367 2805 c·1l·septimo.
404 2723 547 2801 lugulatus
563 2725 591 2783 in
607 2722 789 2783 iorollomae
809 2724 993 2802 sepultusque
1008 2724 1137 2784 inlicitis

185 2793 218 2835 ⁶⁹·
237 2812 307 2883 suis,
331 2809 378 2884 qui
390 2806 577 2866 suntAurelia
593 2809 638 2866 via
653 2824 710 2866 non
727 2806 812 2884 longe
824 2807 858 2866 ab
876 2808 945 2867 urbe
955 2807 1056 2868 Roma.

298 2891 384 2950 Gna.
402 2889 491 2949 XVII.
509 2889 590 2970 (xi.)
610 2890 698 2950 'Otho
720 2895 818 2950 occiso
833 2889 920 2951 Galba
936 2892 1037 2951 invasit
1051 2893 1147 2971 impe.

235 2974 315 3049 rium,
335 2982 458 3033 materno
470 2991 577 3051 genere
592 2974 724 3050 nobilior,
748 2990 829 3050 qoam
844 2984 971 3052 paterno,
987 2983 1089 3035 neutro
1100 2983 1137 3036 to·

235 3076 300 3136 men
315 3057 447 3116 obscuro.
479 3055 511 3116 ln
523 3059 629 3134 privata
639 3058 695 3117 vita
705 3058 798 3117 mollis
811 3067 840 3117 et
850 3057 970 3118 Neronis
983 3058 1137 3134 familiaris,

192 3132 195 3144 ¹
235 3144 264 3202 in
281 3141 398 3219 imperio
419 3140 614 3201 documentum
631 3143 674 3200 sui
693 3159 749 3201 non
770 3143 858 3220 potuit
878 3140 1038 3217 ostendere.
1069 3141 1139 3202 Nam
1165 3206 1170 3212 χ

237 3245 299 3285 cum
315 3224 414 3286 iisdem
428 3225 618 3301 temporibus,
644 3225 745 3302 quibus
764 3225 837 3285 Otho
854 3223 968 3287 Galbam
983 3225 1137 3302 occiderat,
1166 3213 1177 3248 ¹

238 3312 320 3369 etiam
339 3307 468 3369 Vitellius
489 3308 580 3368 lactus
598 3317 675 3368 esset
698 3307 945 3370 aGemianicianis
967 3311 1138 3387 exercitibus

237 3393 398 3475 imperator²
416 3392 493 3455 bello
506 3401 600 3454 contra
616 3401 845 3474 coruscuscepto,
868 3411 930 3455 oum
943 3393 1019 3475 apud
1032 3392 1137 3457 betria-
