2362 4036
231 339 272 405 70
582 351 798 412 EUTROPII
861 414 864 421 ,
948 362 952 369 “

151 504 155 527 ¹
231 512 380 570 contructis
392 516 482 592 copiis
494 533 590 574 mrsus
603 532 665 574 curn
675 514 802 592 Narseo,
819 514 983 576 Hormisdae
999 524 1030 574 et
1043 516 1133 592 Sapo·

229 593 268 651 ris
282 611 346 670 avo,
359 597 387 656 in
397 596 528 658 Armenia
542 600 640 658 maiori
651 601 785 676 pugnauit
795 618 931 662 successu
944 601 1063 675 ingenti,
1079 616 1133 659 nec

210 724 212 729 .
229 676 335 737 minore
342 681 460 741 consilio
467 682 605 761 simulque
616 682 786 760 fortitudine,
794 685 900 762 quippe
912 684 959 760 qui
970 684 1055 741 etiam
1065 699 1131 759 spe·

229 759 362 823 celaturis
384 782 483 825 munus
505 784 568 825 cunr
589 766 677 825 altero
695 783 731 824 ac
746 769 830 825 tertio
847 768 942 844 equite
960 767 1130 843 susceperit.

182 852 208 892 t’·
225 838 312 906 Pulso
321 847 430 908 Narseo
443 859 532 910 castra
542 852 603 909 eius
614 849 735 926 diripuit.
755 848 875 924 Uxores,
890 849 1130 925 sorores,liberos

162 920 216 965 ω·
228 933 314 1008 cepit,
328 932 460 992 inlinitum
472 935 646 992 extrinsecus
665 931 810 993 Persarum
823 931 1013 1008 nobilitatem,
1033 950 1129 1009 gazum

169 991 216 1036 ²⁹²·
228 1013 368 1074 Persicum
380 1017 611 1093 copiosissimam.
639 1014 738 1092 Ipsum
749 1018 777 1076 in
788 1017 896 1076 ultimas
910 1018 990 1092 regni
1003 1016 1128 1075 solitudi-

227 1115 278 1158 nes
286 1103 353 1176 egit.
369 1098 462 1172 Quare
473 1099 508 1158 ad
517 1098 721 1159 Diocletianum
730 1099 967 1178 inblesopotamia
977 1117 1040 1158 cum
1048 1117 1128 1177 prae·

228 1182 306 1241 sidils
318 1193 374 1241 tum
386 1191 538 1240 morantem
549 1198 790 1259 ovansregressus
803 1184 909 1261 ingenti
916 1183 1023 1242 bonore
1031 1201 1128 1242 susce·

99 1328 105 1335 ,
183 1269 210 1311 P·
229 1274 293 1342 ptus
305 1275 357 1322 est.
389 1264 476 1323 Varia
487 1264 622 1342 deinceps
641 1275 670 1324 et
684 1265 765 1325 simul
779 1275 807 1326 ct
820 1268 923 1326 viritim
938 1266 1012 1326 bella
1029 1284 1128 1344 gesse·

138 1359 140 1367 ⁴
159 1336 213 1446 ἒξ·
228 1355 299 1422 runt,
314 1346 412 1425 Carpis
424 1356 452 1407 et
461 1346 603 1407 Dastemis
615 1349 750 1425 subactis,
762 1349 893 1410 Sarmatis
903 1352 997 1424 victis,
1014 1368 1130 1428 quarum

209 1432 369 1491 ‘nationum
384 1433 513 1509 ingentes
530 1434 704 1509 captivorum
719 1435 818 1512 copias
834 1435 862 1494 in
877 1433 1012 1494 Romanis
1028 1434 1130 1493 finibus

227 1514 402 1576 locaverunt.
954 1522 958 1528 '

290 1601 375 1660 Car.
388 1597 489 1659 xxvi.
498 1597 604 1679 (XVI.)
619 1599 811 1660 Diocletianus
820 1609 942 1661 moratus
954 1600 1053 1660 callide
1065 1600 1129 1676 luit,

160 1689 164 1695 '
228 1702 315 1760 sagax
327 1693 473 1760 praeterea
490 1693 518 1742 et
529 1683 674 1762 admodum
686 1683 794 1743 subtilis
806 1685 930 1759 ingenio,
946 1685 1033 1759 etqui
1045 1702 1130 1743 sere·

226 1769 334 1828 ritatem
346 1786 422 1826 suam
434 1767 524 1827 aliena
535 1765 636 1825 invidia
646 1765 733 1825 vellet
744 1765 869 1842 explere.
887 1763 1132 1841 Diligentissimns

227 1861 319 1912 temen
334 1861 362 1911 et
379 1851 588 1911 sollertissimus
607 1850 749 1926 princeps,
770 1858 800 1908 et
810 1850 857 1926 qui
871 1849 989 1925 imperio
999 1847 1131 1909 Romano

228 1937 333 2013 primus
349 1939 446 2014 regiae
464 1933 674 1995 consuetudinis
684 1934 800 1993 lormam
809 1933 915 2009 magis,
933 1949 1016 2010 quam
1026 1931 1131 1992 Roma·

228 2037 280 2079 nae
298 2020 434 2080 libertatis
451 2021 555 2079 invexit
570 2018 736 2095 adorarique
748 2035 779 2077 se
796 2018 892 2092 iussit,
915 2024 1054 2074 comante
1066 2032 1144 2074 eums

229 2106 321 2163 cuncti
341 2104 531 2163 salutarentur.
564 2102 730 2161 Dmamenta
746 2118 914 2178 gemmarum
927 2099 1053 2158 vestibus
1073 2099 1130 2158 cal·

230 2190 438 2264 caementisque
456 2186 561 2244 indidit.
591 2184 662 2245 Nam
674 2187 750 2263 prius
768 2186 877 2263 imperii
890 2184 1000 2260 insigne
1014 2185 1043 2243 in
1054 2181 1130 2242 chla-

229 2270 311 2347 myde
321 2288 460 2348 purpurea
472 2277 574 2328 tuntum
586 2279 655 2344 erat,
667 2269 775 2347 reliqua
787 2269 952 2328 communia.

290 2353 375 2412 cnr».
386 2350 501 2409 XXVII.
531 2350 679 2410 Herculius
692 2362 783 2411 autem
796 2351 939 2428 propalam
952 2350 1028 2410 leros
1046 2357 1075 2409 et
1090 2351 1130 2409 in·

228 2433 319 2494 civilis
333 2434 453 2510 ingenii,
475 2434 654 2511 asperitatem
665 2453 743 2492 suam
755 2437 837 2492 etiarn
853 2432 948 2492 vultus
958 2434 1076 2493 horrore
1093 2436 1131 2492 si·

165 2531 173 2546 ·
228 2517 372 2595 gnificans.
401 2515 454 2576 Hic
460 2525 573 2576 naturae
585 2533 654 2575 suae
662 2514 992 2593 indulgensDiocletiano
1004 2519 1032 2577 in
1044 2517 1130 2576 omni-

227 2602 291 2678 bus,
307 2604 390 2667 etiarn
404 2600 594 2663 severioribus
610 2599 746 2676 consiliis,
764 2599 916 2660 obsecutus
928 2608 982 2659 est.
1006 2600 1077 2662 Cum
1089 2609 1130 2660 tu·

228 2690 293 2746 men
307 2689 522 2765 ingravescente
542 2702 614 2745 aevo
629 2702 725 2763 parum
742 2703 774 2744 se
789 2685 919 2744 idoneum
936 2683 1132 2744 Diocletianus

229 2770 398 2831 moderando
411 2771 530 2848 imperio
543 2787 609 2829 esse
619 2770 745 2843 sentiret,
759 2778 857 2828 auctor
866 2767 1001 2827 Herculio
1013 2768 1081 2844 luit,
1102 2776 1134 2826 ut

228 2857 257 2913 in
274 2857 408 2932 privatam
421 2857 505 2914 vitam
527 2842 715 2913 concederent
737 2862 766 2911 et
786 2854 933 2912 stationem
948 2851 1069 2911 tuendae
1088 2852 1133 2910 rei

84 2942 86 2947 '
177 2965 204 3008 p,
229 2938 359 3014 publicae
370 2937 547 2998 viridioribus
560 2936 770 3014 iunioribnsque
785 2936 953 2997 mandarent.
980 2934 1033 2994 Cui
1045 2953 1133 3012 aegre

162 3034 218 3076 cn.
230 3019 342 3098 collega
353 3021 564 3098 obtemperavit.
597 3021 700 3081 Tamen
711 3028 829 3098 uterque
841 3039 894 3078 una
904 3018 951 3079 die
963 3021 1071 3097 privato
1084 3019 1133 3078 ba·

173 3103 289 3166 ³⁰⁴·‘bitu
310 3106 418 3182 imperii
440 3107 550 3182 insigne
569 3105 700 3180 ruutudt,
723 3103 905 3163 Nicomediae
926 3102 1133 3177 Diocletianus,

179 3191 205 3234 P·
230 3188 379 3253 Herculius
388 3186 549 3265 Mediolani,
566 3198 632 3267 post
642 3188 808 3265 triumphum
819 3186 961 3261 inclutum,
980 3203 1065 3264 quem
1075 3185 1133 3245 llo·

164 3260 219 3370 ⁰3³·
231 3292 293 3334 mae
304 3292 340 3333 ex
350 3274 507 3332 numerosis
518 3275 647 3349 gentibus
663 3280 787 3348 egerant,
806 3287 909 3349 pompa
920 3270 1092 3330 ferculorum
1100 3267 1134 3327 il·

186 3329 219 3371 ω’
232 3356 322 3432 lustri,
335 3375 389 3436 qua
400 3356 499 3417 Narsei
512 3360 648 3435 coniuges
660 3372 833 3432 sororesque
844 3353 973 3435 etlibere
989 3362 1054 3413 ante
1071 3369 1134 3412 cur·

160 3505 162 3513 ,
231 3460 292 3584 inm
306 3440 465 3503 ductisunt.
499 3439 709 3502 concesseruut
724 3448 782 3500 tum
793 3437 911 3499 Salonas
921 3455 1008 3514 unus,
1025 3436 1135 3498 alterio

254 3525 388 3584 ucaniam.
504 3544 506 3549 ·
936 3532 940 3538 “
