2362 4036
426 343 615 398 urerer.
646 304 648 307 ⁵
815 310 818 315 ’
931 342 972 404 33

66 507 156 567 adhuc
177 507 279 566 infinita
301 513 386 581 erat,
398 504 433 564 ad
450 502 556 564 ltaliam
576 506 751 565 transierunt.
782 502 886 565 It‘erum
898 524 923 567 a
939 505 971 567 G.

64 589 153 649 Mario
166 598 196 669 et
207 590 242 662 Q.
256 588 354 648 Catulo
368 597 462 647 coritm
475 603 526 646 eos
539 588 696 646 dimicatum
709 598 763 664 est,
788 589 839 648 sed
852 588 978 650 acutuli

10 668 23 697 “·
64 682 146 750 parte
160 672 282 731 felicius.
305 670 376 729 Nam
388 670 509 748 proelio,
528 672 603 749 quod
616 671 696 729 simui
712 673 793 731 ambo
807 683 972 749 gesserunt,
989 706 991 711 ν

17 806 20 811 .
66 754 206 833 exnlmilia
221 757 309 814 autin
325 771 433 831 pugna,
453 763 500 813 aut
519 757 552 813 in
563 755 630 831 iuga
645 771 728 813 caesa
744 764 823 830 sunt,
842 775 880 815 ux
896 758 971 816 milia

10 850 22 917 ζ
65 847 156 915 capta.
185 839 303 896 Romani
317 836 420 895 milites
432 854 468 895 ex
479 846 599 915 utroque
610 839 737 913 exereitu
748 841 865 896 trecenti
879 842 970 914 perie-
1003 904 1012 921 ,

62 930 137 980 runt.
169 920 232 996 Tria
250 930 278 979 et
295 922 405 996 triginta
417 919 537 978 Cimbris
548 924 628 997 signa
643 920 751 980 sublata
762 929 835 981 sunt.
867 920 911 979 Ex
926 922 970 980 his

10 1024 20 1057 r
63 1005 208 1062 exereitus
222 1003 302 1063 Marii
320 1003 377 1061 duo
393 1005 565 1080 reportavit,
591 1003 682 1063 Catuli
700 1006 842 1062 exereitus
864 1022 922 1063 xxx
942 1012 971 1063 et
1049 1011 1057 1017 '

10 1076 23 1117 ⁵
63 1104 157 1146 unum.
180 1084 207 1145 Is
220 1088 288 1146 belli
304 1088 366 1145 linis
380 1085 443 1144 fuit.
474 1085 640 1165 Triumphus
652 1089 762 1164 utrique
774 1087 904 1146 deoretus
917 1096 969 1146 est.
990 1125 993 1128 -

10 1152 19 1239 ἶ
126 1170 212 1229 Gur.
224 1169 351 1248 lll.(il.)
370 1166 516 1228 Sernlulio
524 1169 645 1230 Caesare
653 1169 717 1230 etL.
725 1170 972 1247 MarcioPhilippo,
982 1176 1036 1218 uu.

65 1270 140 1312 coss.
153 1255 359 1329 serpentesimo
371 1254 602 1330 quinquagesimo
613 1271 765 1314 nonoanno
778 1255 893 1314 ah-urbe
902 1271 968 1313 oon·
980 1244 1025 1286 ⁰⁶¹·

10 1360 33 1401 t·
63 1331 130 1412 dita,
156 1332 218 1394 euni
230 1354 321 1413 prope
332 1335 386 1394 alia
398 1339 488 1394 omnia
504 1336 578 1396 helia
594 1347 753 1413 cessarent,
771 1337 888 1397 initalia
905 1356 968 1414 gra·

10 1410 16 1477 .’
63 1421 205 1479 vissimum
222 1420 326 1479 bellum
342 1417 483 1490 Picentes,
501 1417 602 1493 Marsi,
625 1419 791 1495 Pelignique
809 1429 967 1493 moverunt,

10 1482 17 1585 ζ
63 1505 121 1580 qui,
135 1505 287 1561 comannis
302 1501 459 1559 numerosis
473 1502 526 1558 iam
541 1500 648 1578 populo
663 1501 791 1560 Romano
809 1501 966 1576 obedirent,

10 1590 16 1683 'f
61 1595 119 1666 tum
131 1585 287 1644 libertatem
300 1584 353 1642 sibi
367 1601 484 1660 aequam
499 1602 630 1644 asserere
641 1593 806 1661 coeperunt.
826 1583 968 1643 Pemioio·

17 1664 23 1681 '
62 1687 124 1728 snm
144 1667 291 1728 admodum
308 1668 364 1726 hoo
379 1665 484 1726 bellum
498 1667 616 1727 fuit.÷.P·.
628 1668 749 1728 Rutilius
768 1668 867 1727 consul
883 1670 910 1726 in
931 1683 1029 1726 eorm.

10 1686 17 1817 Ι
62 1742 176 1810 odoisus
192 1761 245 1826 est,
259 1750 377 1828 Caepio,
391 1750 495 1811 nobilis
504 1753 625 1827 iuvenis,
639 1761 668 1810 et
678 1749 881 1827 PorciusCato,
895 1751 965 1811 alius
978 1750 1024 1794 ΙΙΙ·

10 1820 32 1905 )
62 1835 169 1893 consul.
205 1834 301 1893 Duoes
320 1843 414 1893 autem
440 1834 575 1893 adversus
592 1835 736 1894 Romanos
755 1834 916 1894 Picentibus
939 1843 968 1894 et
978 1837 1035 1880 Αϋ
1053 1901 1058 1914 .

10 1910 18 2005 Ι
60 1916 164 1976 Marsis
177 1916 288 1974 fuerunt
302 1915 334 1974 Τ.
344 1916 466 1990 Vettius,
489 1915 601 1975 Hierius
614 1918 738 1990 Asinius,
753 1917 785 1974 Τ.
796 1917 963 1994 Herennius,
982 1905 1029 1949 ⁶⁶³
1129 1976 1132 1983 ,

10 2024 12 2029 ·
59 2000 96 2062 Α.
117 1998 271 2058 Cluentius.
298 1998 467 2055 ARomauis
487 1997 561 2055 bene
575 2007 672 2055 eontra
688 2014 739 2055 eos
755 2000 906 2074 pugnatum
922 2011 968 2061 est
1101 1991 1120 2002 ”’

59 2103 77 2144 a
94 2082 126 2142 G.
138 2081 242 2156 Morio,
264 2082 313 2158 qui
326 2081 421 2138 sexies
438 2079 536 2138 consul
551 2079 656 2155 iuerat,
677 2088 705 2137 et
720 2098 736 2138 a
751 2078 801 2139 Cn.
817 2080 980 2158 Pompeio,=

10 2166 12 2171 ’
59 2168 181 2227 maxime
198 2174 289 2223 tamen
305 2163 361 2222 aL.
376 2160 508 2224 Cornelio
520 2162 614 2237 Sulla,
634 2165 680 2240 qui
692 2165 765 2221 inter
780 2162 833 2221 aiia
850 2167 967 2240 egregia

59 2252 98 2311 ita
110 2248 284 2321 Cluentium,
301 2247 422 2305 hostium
438 2244 552 2321 ducem,
576 2263 639 2306 oum
650 2248 759 2323 magnis
776 2249 869 2325 copiis
883 2247 967 2322 fudit,

53 2343 138 2397 ‚utex
153 2332 212 2390 suis
222 2349 306 2389 unum
321 2331 469 2390 amitteret.
491 2328 692 2404 Quadriennio,
706 2347 769 2389 eum
779 2333 859 2407 gravi
874 2340 966 2390 tamen

60 2416 229 2489 osiamitate,
246 2414 301 2474 hoo
316 2412 419 2472 beilum
432 2420 550 2471 tractum
562 2420 615 2471 est.
644 2412 748 2485 Quinto
768 2413 877 2472 demum
893 2431 976 2478 anno.

60 2500 144 2559 ilnem
162 2499 274 2574 aceepit
297 2514 349 2575 por
363 2494 394 2555 L.
413 2488 575 2555 Cornelium
593 2495 698 2554 Surum
720 2495 879 2572 consulem,
903 2515 967 2556 oum

15 2578 23 2589 ’
59 2591 141 2642 antea
162 2583 200 2641 iu'
212 2579 315 2641 eodem
335 2577 412 2639 bello
431 2581 494 2655 ipse
514 2579 600 2664 muita
621 2587 752 2654 strenue,
779 2578 831 2637 sed
852 2590 967 2657 praetor

60 2667 178 2725 e'sset.
554 2668 557 2672 '

80 2685 109 2744 gl
124 2750 210 2811 cnr.
227 2746 275 2807 lv.
293 2744 375 2823 (ΙΙΙ.)
399 2743 479 2803 Anno
495 2726 571 2804 urbis
581 2743 716 2803 ‘conditae
732 2744 966 2820 neunrs'primum
976 2751 1032 2794 Mt·
1044 2754 1054 2763 ··

58 2831 167 2892 Romae
184 2831 288 2891 beilum
305 2828 389 2888 oiviie
406 2837 573 2887 commotum
592 2837 652 2902 est,
671 2826 773 2886 eodem
790 2843 863 2886 enno
883 2829 966 2888 etiam
975 2818 1022 2861 ⁶⁶⁴·

59 2914 284 2977 Mithridaticum.
296 2911 442 2980 ,caussam
456 2910 531 2971 hello
545 2911 620 2970 civili
633 2908 664 2970 G.
674 2908 778 2970 ilarius
789 2913 965 2972 sexiesoou·
1066 2933 1069 2945 ·

60 2999 105 3058 sul
123 2997 208 3059 dedit.
237 2997 307 3057 Nam
324 3013 387 3054 eum
399 2994 476 3054 Sulla
495 2994 595 3053 consul
612 3003 708 3054 eontra
722 2992 897 3054 Mithridaten
913 3014 964 3074 ge·

58 3078 278 3160 storus'bellum,
296 3081 342 3157 qui
353 3077 449 3137 Asiam
463 3086 493 3136 ot
506 3075 639 3136 thm'am
653 3086 850 3155 occupaverat,
872 3080 964 3138 mitte·

58 3174 147 3238 retur,
164 3165 246 3240 isque
258 3164 410 3222 exereitum
421 3162 449 3218 in
465 3160 614 3237 Campania
627 3161 771 3238 paulisper
781 3168 910 3235 teneret,
933 3170 965 3219 ut

57 3247 128 3310 belli
141 3245 273 3320 socialis,
293 3247 328 3304 de
341 3260 397 3322 quo
409 3243 542 3318 diximus,
566 3243 641 3321 quod
655 3247 725 3303 intra
736 3243 842 3303 Italiam
853 3252 964 3318 gestum

59 3334 161 3408 iuerat,
175 3328 312 3406 reliquiae
322 3328 496 3402 tollerentur,
516 3326 619 3386 diarius
630 3328 780 3400 affectavit,
800 3334 831 3383 ut
848 3328 911 3400 ipse
929 3324 964 3385 ed

51 3415 164 3478 'bellum
175 3411 389 3474 Mithridaticum
400 3411 563 3472 mitteretur.
594 3409 656 3481 Qua
672 3429 704 3469 re
716 3408 792 3468 Sulla
808 3417 964 3468 commotos
1006 3399 1012 3417 '

61 3499 263 3619 ⁰¹¹¹ss¹ussxossfffflm
274 3495 309 3557 ad
323 3494 424 3588 urbem
432 3495 517 3560 venit.
545 3490 607 3552 lilio
618 3502 717 3552 eontra
726 3490 843 3636 Ματίιιὲη
862 3499 890 3552 et
901 3493 962 3553 Sul·

78 3618 81 3623 ,
152 3582 165 3616 ΙΙ
232 3603 238 3616 .
