2362 4036
312 294 320 311 ⁵
408 320 591 397 ’11111
622 342 687 398 ru„
877 388 880 395 ,
935 337 937 344 ·
973 306 1022 399 41

107 505 208 556 caedes.
226 503 335 556 ‚Divisio
359 503 529 568 reipublicae
554 506 618 554 iuter
642 503 777 554 Antonium
801 513 827 554 et
844 503 1014 560 Octavianum.

105 574 210 624 Antonii
228 571 319 632 irater,
337 573 443 633 Lucius,
460 587 540 621 novus
555 573 615 623 belli
632 573 711 622 civilis
727 582 829 633 auctor,
858 574 1014 638 opprimitur.

60 658 63 667 ·
106 641 133 697 4,
152 641 249 700 Bellum
273 657 330 690 cum
354 639 430 690 Sexto
453 640 572 704 Pompeio
594 655 657 704 pace
678 643 841 704 componitur.
875 641 900 690 5.
925 642 1018 709 Agrip-¹

105 714 142 776 pti
159 711 186 758 iu
203 709 338 771 Aquitania
355 723 395 759 res
412 710 533 772 prospere
550 710 623 774 gerit.
649 709 782 758 Ventidius
799 709 892 764 Bassus
911 709 942 757 de
958 708 1016 756 Pur-

105 778 167 837 this,
184 777 227 838 qui
245 778 270 825 in
280 775 374 841 Syriam
391 778 538 841 irruperant,
556 777 629 826 victis
646 777 798 840 triumphum
815 779 875 841 agit.
901 774 926 826 6.
947 775 1015 825 Sext.

105 846 242 909 Pompeius
264 854 337 909 rupta
359 860 422 910 pace
450 845 543 894 bellum
563 846 691 899 ,instaurat
716 853 739 893 et
763 845 843 894 victus
865 843 1016 896 interficitur.

60 918 64 953 ἒ
105 914 232 964 Antonius
252 911 421 978 Cleopatram,
447 913 556 978 Aegypti
573 915 701 978 reginam,
726 913 751 961 in
769 913 951 962 matrimonium
971 913 1016 960 du-

60 998 64 1051 ᾗ
95 983 142 1030 Ι011
168 986 193 1028 et
214 980 314 1029 vanam'
327 983 353 1029 in
378 979 483 1030 Parthos
510 980 693 1044 expeditionem
710 983 829 1045 suscipit.
869 976 894 1030 7.
916 979 1016 1028 Bellum
1058 1010 1061 1015 -
1138 1004 1143 1017 ι

62 1086 67 1093 .
105 1052 172 1099 inter
190 1046 352 1098 Octavianum
378 1057 403 1098 et
423 1050 560 1098 Antonium
583 1058 608 1098 et
633 1049 708 1098 huius
732 1059 791 1113 post
816 1062 929 1114 pugnam
952 1047 1017 1096 in-le-
1058 1078 1061 1083 -

72 1176 75 1183 .
106 1117 183 1167 licem
207 1116 276 1180 apud
296 1118 396 1166 Actium
420 1132 478 1165 cum
500 1116 631 1180 Cleopatra
653 1119 776 1170 interitus.
812 1110 942 1182 Aegpptus
966 1115 1016 1165 Ro-

60 1184 63 1197 '
105 1199 183 1243 mano
208 1186 312 1248 imperio
337 1184 459 1234 adimitur.
495 1182 521 1234 8'.
545 1184 695 1235 Octavianus
718 1185 828 1250 Augusti
851 1186 951 1234 nomine
976 1199 1016 1232 11-
1065 1222 1068 1234 .

106 1260 182 1317 cepto
200 1253 259 1301 inde
285 1253 354 1302 solus
380 1269 432 1302 rem
456 1254 581 1317 publicam
610 1254 704 1303 obtinet
731 1262 754 1302 et
780 1255 883 1318 egregie
902 1252 1016 1303 modera-

104 1331 157 1375 tur.
189 1316 214 1370 9.
234 1318 275 1368 10.
293 1321 402 1386 Augusti
418 1321 490 1380 bella,
509 1322 636 1380 victoriae,
656 1322 721 1380 vita,
741 1336 831 1380 mores,
850 1322 1017 1383 011111111-

106 1396 148 1438 cto
165 1387 279 1437 Romano
296 1391 402 1453 imperio
419 1390 510 1438 obitus.
544 1388 585 1437 ll.
604 1388 732 1447 Tiberius,
750 1391 859 1452 Augusti
878 1402 1016 1446 successor,

104 1464 166 1523 post
182 1458 260 1506 vitam
272 1459 385 1521 pessime
404 1465 485 1505 actam
506 1471 563 1504 cum
581 1471 678 1505 summo
697 1457 808 1504 omnium
826 1457 919 1520 gaudio
941 1457 1016 1504 mori-

105 1535 158 1575 tur.
196 1523 238 1573 12.
258 1522 379 1589 Caligula,
399 1523 534 1573 sceleratus
551 1525 677 1588 princeps,
693 1524 758 1572 bello
778 1535 865 1572 contra
879 1522 1016 1572 Germanos

106 1595 201 1656 ignave
212 1599 290 1656 gesto
309 1593 437 1643 occiditur.
476 1589 518 1642 13.
536 1590 654 1657 Claudius
671 1606 761 1656 parurn
777 1592 826 1640 sibi
843 1592 1016 1657 11νί110110-

108 1661 238 1710 deratione
257 1669 373 1716 constans
389 1660 542 1710 Britanniam
568 1660 684 1709 devincit.
720 1656 762 1711 14.
784 1659 888 1709 Neronis
907 1659 1015 1717 luxuria,

107 1729 188 1782 libido
208 1737 232 1777 et
248 1729 382 1779 crudelitas
399 1737 497 1794 praeter
514 1729 564 1778 alia
588 1729 692 1776 crimina
708 1736 884 1778 memorantur.
920 1727 1016 1776 Britan-

60 1838 63 1861 ,
108 1797 154 1845 nia
170 1810 251 1858 paene
268 1799 396 1856 amittitur,
415 1797 532 1846 Armenia
549 1812 565 1845 a
575 1795 673 1844 Parthis
692 1798 803 1861 eripitur,
820 1797 914 1846 Pontus
931 1804 1016 1844 tamen

107 1863 298 1911 Polemoniacus
318 1872 342 1912 et
354 1865 430 1927 Alpes
449 1864 543 1913 Cottiae
562 1864 676 1911 Romano
694 1865 798 1928 imperio
815 1866 943 1914 accedunt.
973 1861 1015 1912 15.

110 1928 178 1980 Nero
204 1931 318 1978 omnibus
337 1924 647 1989 exsecrabilis'hostisque
671 1945 687 1977 a
705 1930 793 1978 senatu
813 1926 938 1982 iudieatus
960 1928 1034 1996 ipse'

68 2026 74 2035 -
110 2013 140 2047 se
157 1998 280 2046 interficit.
317 1995 359 2048 16.
378 1996 456 2046 Galba
472 2011 549 2045 senex
565 1995 716 2058 positurae
737 1998 869 2060 imperium
887 2001 1017 2050 occiditur.
1075 2001 1092 2045 “.

111 2062 156 2116 17.
173 2063 237 2114 Otho
249 2080 306 2114 cum
320 2065 455 2124 aVitcllio,
472 2065 570 2129 imperii
588 2063 695 2122 aemulo,
714 2073 853 2128 urgeretur,
871 2067 904 2115 ad
922 2070 1016 2117 evitan-

111 2133 170 2184 dam
181 2134 240 2182 belli
257 2135 336 2184 civilis
354 2134 518 2183 calamitatem
537 2131 676 2182 voluntaria
694 2140 771 2182 morte
790 2134 850 2185 obit.
877 2131 919 2186 18.
938 2135 1017 2183 Vitel-

110 2203 169 2262 lius,
185 2201 290 2251 Narouis
306 2203 428 2262 imitator,
456 2202 566 2266 ingluvie
582 2201 689 2248 maxime
707 2200 832 2259 notabilis,
851 2194 1016 2266 ignominiose

110 2271 185 2336 perit.
222 2267 264 2322 19.
277 2269 320 2322 20.
339 2271 490 2334 Vespasiani
504 2270 611 2319 virtutes
629 2275 653 2317 et
666 2283 706 2317 res
723 2269 748 2317 in
764 2269 837 2317 bellis
851 2277 946 2334 gestae,
963 2269 1017 2332 qui-

110 2340 160 2389 bus
177 2337 290 2387 Romano
308 2340 411 2402 imperio
431 2345 588 2388 accesserunt
605 2336 684 2385 Vecta
708 2337 794 2388 insula
811 2336 941 2400 factaeque
958 2352 1017 2402 pro-

112 2407 209 2457 vinciae
223 2407 327 2465 Achaia,
346 2407 429 2471 Lycia,
449 2406 563 2463 Rhodus,
579 2403 677 2465 Samus,
696 2404 810 2465 Thracia,
829 2405 924 2464 Cilicia,
944 2405 1034 2467 Gom-¹

112 2489 227 2538 magere.
260 2464 302 2524 21.
314 2473 357 2529 22.
374 2475 431 2534 Τ111,
449 2474 570 2539 principis
585 2474 681 2537 optimi,
692 2473 857 2524 laetissimum
874 2477 1015 2539 imperium.

112 2540 155 2594 23.
174 2541 340 2603 Domitianus,
359 2544 464 2593 diversis
474 2543 585 2592 moribus
601 2541 701 2600 foedus,
719 2551 804 2591 contra
813 2541 948 2604 Sarmatos,
961 2541 1016 2592 Cat-

111 2619 151 2660 tos
169 2617 193 2659 et
209 2609 291 2660 Dacos
308 2612 375 2662 bella
393 2613 457 2677 gerit
479 2619 503 2659 et
519 2608 659 2674 triumphos
677 2610 761 2658 multis
779 2610 960 2659 calamitatibus
977 2627 1016 2659 re-

112 2679 227 2743 demptos
244 2682 304 2745 agit.
341 2679 403 2729 Cum
420 2680 515 2729 Romae
533 2678 611 2726 multa
629 2691 705 2741 opera
727 2677 845 2736 lecisset,
874 2680 905 2727 ob
923 2678 1017 2727 scelera

112 2747 264 2798 interlicitnr.

174 2833 258 2893 Car.
270 2829 294 2890 1.
320 2830 401 2890 Anno
413 2829 496 2890 Urbis
508 2830 758 2909 septingentesimo
774 2827 836 2888 lere
847 2843 881 2887 ac
890 2843 964 2885 nono
975 2828 1016 2886 in·

111 2915 234 2975 11111011
246 2913 370 2977 Caesare
382 2914 457 2974 bella
465 2914 561 2985 ,0111111
571 2921 697 2991 reparata
706 2920 778 2970 sunt.
799 2908 1017 2970 Percussoribus
1028 2906 1083 2953 AV·

112 3000 187 3058 enim
203 2997 333 3078 Caesaris
350 3007 463 3056 senatus
483 2997 604 3057 larebat.
635 2995 773 3057 Antonius
788 2993 886 3053 consul
899 2996 1016 3072 partium
1027 2978 1073 3019 ⁷⁰⁸·

106 3079 245 3153 'Caesaris
265 3081 394 3141 civilibus
411 3080 495 3139 bellis
507 3081 668 3159 opprimere
681 3095 732 3137 eos
744 3078 905 3137 conabatur.
937 3077 1026 3154 Ergo.
1056 3120 1061 3128 .

111 3164 221 3224 turbata
236 3183 268 3225 re
285 3164 398 3243 publica
416 3163 499 3225 multa
516 3163 653 3223 Antonius
670 3161 779 3223 scelera
804 3163 979 3232 committens
1000 3177 1082 3224 arn.

60 3290 64 3311 .
111 3255 211 3307 senatu
227 3248 317 3308 hostis
336 3247 473 3306 iudicatus
490 3255 544 3305 est.
573 3244 652 3305 1111111
664 3242 698 3303 ad
715 3263 778 3303 eum
790 3238 1017 3322 persequendum
1028 3249 1087 3291 111·

112 3330 169 3390 duo
182 3331 325 3406 consules,
341 3329 429 3390 Pansa
440 3339 468 3389 et
483 3328 598 3404 Hirtius,
613 3337 641 3386 01
656 3326 824 3387 Octavianus
835 3323 1015 3399 adolescens,
1036 3356 1043 3375 .

111 3431 200 3474 annos
215 3423 438 3490 ratmundus,
453 3411 688 3488 Caesarisnepos,
698 3428 780 3488 quern
791 3409 838 3468 ille
849 3415 1016 3467 testamento

112 3496 248 3557 heredem
263 3496 416 3575 reliquerat
433 3506 463 3556 01
482 3514 584 3556 nomen
604 3512 683 3554 suurn
703 3493 778 3553 lerre
799 3493 929 3550 iusserat.
963 3489 1017 3571 1110
