2362 4036
250 319 290 384 76
589 325 864 383 ΒΗΤΒΟΡΗν

198 501 225 542 r.
247 487 363 547 tranioni
380 488 539 565 imperium,
559 489 606 566 qni
622 504 697 548 novo
716 489 996 567 inusitatoquemore
1011 505 1141 549 consensu
1177 472 1181 575 J

181 569 237 612 ⁰·N·
248 570 362 629 rnilitum
373 570 516 648 deponere
528 575 637 649 insigne
650 572 811 648 compulsus
828 583 881 631 est.
915 571 1027 644 llomae
1038 590 1141 651 quoqne
1165 612 1169 623 ·

189 637 235 682 ³³⁰·
247 653 378 712 tumultus
390 654 451 730 init,
464 653 632 732 Nepotiane,
642 653 814 714 Constantini
828 658 935 715 sororis
946 655 1017 732 lilio,
1031 673 1084 734 per
1092 655 1138 734 gla

246 736 390 797 diatonium
401 757 509 797 manum
521 739 667 815 imperium
679 737 837 797 invadente.
857 738 912 812 Qui
923 741 1017 809 saeuis
1027 738 1137 799 exordiis

245 816 358 897 dignum
371 823 474 880 exitum
487 831 584 880 nactus
600 829 652 880 est.
690 820 836 898 Vigesimo
855 824 928 881 enim
945 830 1031 900 atque
1050 831 1136 882 cctam

204 960 209 981 ,
246 902 292 962 die
303 902 528 980 allaguentianis
540 904 657 963 ducibus
670 921 825 981 oppressus
836 922 944 982 poenas
953 904 1040 981 dedit,
1055 912 1136 983 capnt
1171 968 1176 993 ⁹

244 1004 301 1065 que
315 989 376 1045 eius
388 987 446 1064 pilo
462 1004 514 1063 per
525 988 621 1046 urbem
635 987 824 1046 circumlatum
834 997 888 1064 est,
906 990 1135 1066 gravissimaeque

245 1071 469 1148 proscriptiones
484 1080 513 1129 et
524 1068 657 1129 nobilium
669 1070 772 1128 caedes
783 1071 903 1131 fuerunt.
1170 1113 1175 1122 .

194 1176 222 1218 p,
308 1152 395 1212 cnr.
407 1151 470 1211 ΧΗ.
504 1151 567 1211 Non
579 1152 664 1211 multo
681 1162 746 1229 post
756 1152 932 1231 Magnentius
944 1153 1019 1231 apud
1028 1152 1137 1215 moran

179 1243 234 1285 c-N·
248 1235 411 1313 profligatus
428 1236 489 1293 acie
510 1244 554 1293 est
571 1253 605 1294 ac
626 1251 717 1312 paene
738 1246 846 1313 captus.
879 1236 1013 1316 lugentes
1031 1237 1136 1297 Romani

104 1378 107 1384 ,
184 1311 230 1353 ³⁵¹·
243 1319 351 1395 imperii
363 1319 439 1376 vires
451 1336 484 1377 ea
496 1317 672 1377 dimicatione
682 1329 864 1396 consumptae
876 1330 950 1396 sunt,
963 1321 997 1379 ad
1007 1319 1138 1399 quaellltct
1179 1382 1181 1392 ,

177 1380 233 1490 οἵ,
243 1401 317 1461 bella
330 1410 444 1460 externa
459 1401 590 1477 idoneae,
611 1419 683 1480 quas
695 1401 809 1462 multum
819 1405 1020 1481 triumphorum
1032 1408 1138 1482 possunt
1179 1396 1181 1409 '

188 1515 225 1558 ³51
244 1486 463 1562 securitatisque
477 1485 618 1544 conferre.
650 1483 756 1544 Orienti
770 1491 836 1545 mox
851 1486 1061 1547 aconstantino
1078 1485 1139 1547 (lnc-

193 1597 220 1638 p,
248 1587 294 1629 sar
308 1577 352 1628 est
367 1567 446 1627 datus
458 1570 547 1645 patrui
563 1569 645 1644 lilius,
667 1567 772 1628 Gallus.
806 1564 1039 1648 Magnentiusque
1058 1568 1141 1630 dincr-

178 1665 235 1708 cm.
248 1655 288 1711 sis
308 1651 423 1728 proeliis
438 1654 529 1711 victus
548 1653 603 1711 vim
624 1654 697 1711 vitae
712 1671 780 1711 suae
796 1653 869 1730 apud
880 1652 1042 1729 lugdunum
1059 1650 1144 1713 attulit

80 1782 90 1801 ,
188 1733 233 1775 ³¹³³·
247 1736 356 1811 imperii
368 1751 439 1792 anno
456 1737 556 1809 tertio,
580 1737 825 1810 mensescptimo,
847 1734 933 1793 irater
950 1749 1066 1811 quoque
1089 1736 1144 1796 dn

247 1819 378 1891 Senonis,
392 1835 474 1895 quem
489 1818 523 1878 ad
538 1819 653 1878 tuendas
667 1817 768 1877 Gallias
784 1816 932 1877 Caesarem
942 1817 1066 1876 miserat.
1121 1864 1125 1875 .

308 1899 482 1961 croniti.
509 1900 642 1961 Perhaec
654 1898 1145 1979 tenpometiamaconstamiomnl
1165 1928 1168 1933 ·

139 2041 144 2049 .
194 2005 221 2047 n.
244 1985 280 2044 tis
293 1985 450 2044 incivilibus
461 1987 551 2061 gestis
566 1983 660 2044 Gallus
676 1984 781 2044 Caesar
793 1986 905 2043 occisus
918 1993 976 2059 est,
998 1985 1042 2042 vir
1052 1994 1146 2045 natura

179 2068 317 2143 ⁰·N2lerns
331 2079 359 2128 et
370 2069 405 2127 ad
415 2068 588 2143 tyrannidem
600 2070 725 2144 pronior,
738 2069 762 2126 si
770 2082 821 2126 suo
833 2069 893 2126 iure
904 2070 1042 2144 imperare
1053 2067 1146 2128 licuis-

183 2143 230 2226 ³·'3⁴‘
243 2161 296 2212 set.
317 2152 446 2210 Silvanus
458 2168 572 2229 quoque
584 2152 611 2210 iu
625 2151 712 2212 Gallia
723 2169 769 2209 res
780 2151 987 2210 novasmolitus
998 2159 1063 2209 ante
1077 2151 1147 2211 diem

158 983 166 1017 l

185 2212 231 2289 ³⁰⁵:
243 2237 419 2312 trigesimum
437 2238 591 2293 exstinctus
603 2245 662 2310 est,
687 2234 823 2312 solusque
838 2235 956 2311 imperio
967 2234 1097 2294 Romano
1113 2250 1146 2294 cu

248 2326 376 2394 tempora
388 2316 565 2374 Constantius
580 2319 712 2394 princeps
724 2327 752 2376 et
762 2317 906 2393 Augustus
917 2317 978 2376 luit.

192 2415 218 2477 n.
310 2399 395 2457 Car.
409 2396 483 2455 xiv.
508 2397 575 2454 lllox
590 2397 724 2457 lulianum
740 2398 891 2457 Gaesarem
902 2400 936 2459 ad
949 2399 1054 2461 Gallias
1063 2401 1147 2477 misit,
1175 2398 1178 2403 ’

175 2482 230 2524 ⁰³¹·
247 2479 400 2557 patruelem
412 2498 502 2555 suum,
523 2479 593 2539 Galli
609 2480 738 2556 fratrem,
758 2480 858 2539 tradita
871 2485 897 2540 ei
909 2485 936 2540 in
948 2485 1149 2544 matrimonium

184 2550 230 2593 ³⁵⁸¹
245 2580 355 2640 sorore,
376 2581 438 2622 cum
452 2563 536 2623 multa
550 2563 652 2641 oppida
664 2563 772 2623 barbari
786 2575 1010 2642 expugnassent,
1033 2567 1089 2627 alia
1100 2568 1148 2628 olt-

243 2647 379 2723 siderent·
396 2649 500 2726 ubique
515 2647 599 2709 loeda
609 2649 724 2707 vastitas
737 2656 823 2720 esset,
836 2648 1048 2727 Romanumque
1060 2652 1148 2730 impe

241 2734 312 2792 nium
323 2747 379 2791 non
391 2730 473 2792 dubia
485 2734 538 2791 iam
550 2730 704 2792 calamitate
714 2740 832 2791 nutaret.
862 2731 887 2791 Α
900 2750 955 2810 qno
967 2733 1089 2793 modicis
1100 2750 1148 2794 eo·

242 2817 298 2893 piis
310 2814 384 2892 apud
397 2814 623 2892 Argentoratum,
638 2813 744 2874 Galliae
756 2816 863 2890 urbem,
880 2817 1008 2891 ingentes
1019 2816 1147 2878 Alaman-

191 2919 218 2962 Ρ.
243 2915 340 2957 norum
358 2901 459 2975 copiae
476 2900 630 2958 exstinctae
651 2907 730 2973 sunt,
758 2917 809 2957 rex
825 2899 1014 2958 nobilissimus
1036 2909 1147 2978 captus,

173 2987 229 3028 GN·
243 2979 349 3040 Galliae
361 2984 515 3041 restitutae.
527 2981 614 3042 lllulta
625 2990 784 3058 posteaper
795 2981 1053 3041 euudemlulianum
1066 3001 1147 3061 egre·

183 3054 229 3097 ³³²·
241 3066 288 3142 gie
301 3063 448 3123 adversum
462 3064 596 3127 barbaros
613 3075 696 3142 gesta
706 3074 769 3124 suut
787 3067 974 3142 summotique
985 3065 1058 3126 ultra
1072 3066 1148 3127 erc·

240 3166 305 3209 uum
328 3146 456 3207 Germani
479 3156 508 3208 ει
527 3149 626 3208 linibus
644 3150 702 3207 suis
724 3148 878 3208 Romanum
898 3150 1045 3226 imperium
1065 3152 1148 3210 resti·

240 3241 338 3292 tutum.
835 3266 839 3271 ·

192 3327 210 3406 P·
303 3316 387 3375 Car.
399 3313 460 3374 XV.
482 3313 586 3392 Neque
596 3313 682 3373 multo
693 3324 768 3392 post,
782 3332 844 3373 curu
853 3314 1055 3375 Gennanicianr'
1065 3333 1148 3377 exer·

174 3392 230 3474 cll,
241 3399 339 3458 citusa
354 3398 505 3459 Galliarum
523 3397 663 3476 praesidio
676 3398 854 3473 tollerentur,
878 3415 1016 3458 consensu
1031 3399 1147 3459 militum

187 3501 233 3544 too.
245 3478 367 3543 lulianus
384 3482 475 3544 iactus
485 3481 629 3560 Augustus
646 3489 707 3559 est,
726 3481 930 3558 interiectuque
944 3497 1015 3542 anno
1030 3483 1066 3543 ad
1080 3481 1146 3559 llly-¹
