2362 4036
408 279 618 363 crunnus
736 356 739 369 ,
919 304 962 368 cs

122 467 207 528 Gar.
221 465 245 527 l.
267 464 335 526 Post
345 465 419 527 bunc
428 465 592 527 Maximinus
604 487 640 528 ex
651 484 772 548 corpore
783 468 893 530 militari
904 471 960 550 pri·

10 582 16 611 r
52 569 119 612 mus
141 549 175 610 ad
196 551 342 628 imperium
363 553 485 610 accessit
501 551 562 610 sola
582 551 697 612 militum
712 551 871 630 ioluntate,
897 572 961 614 curn

53 635 134 696 nulla
148 643 261 693 senatus
278 635 486 694 intercessisset
499 637 754 716 auctoritatisque
771 639 834 714 ipse
847 647 961 698 senator

55 726 146 778 esset.
178 714 206 776 ls
223 715 299 776 bello
319 715 453 777 adversus
465 715 617 778 Gemnanos
635 718 755 778 feliciter
771 730 854 796 gesto
870 738 960 780 cuma

54 800 190 862 militibus
206 802 357 877 imperator
367 810 444 860 esset
457 801 623 879 appellatus,
642 820 658 861 a
672 801 799 880 Pupieno
810 802 959 880 Aquileiae
980 813 1009 856 Ρ·
1084 839 1088 850 ,

57 885 172 944 occisus
188 893 233 942 est
247 883 439 943 deserentibus
456 902 519 943 eum
535 885 667 944 militibus
683 888 742 944 suis
758 903 820 944 cum
837 886 894 945 iilic
912 887 959 947 ad·
970 880 1026 925 Μ·
1073 927 1076 931 -

56 969 113 1028 huc
123 984 223 1045 puero,
237 984 299 1026 cum
307 985 363 1046 quo
377 969 561 1044 imperaverat
571 971 690 1028 triennio
703 977 731 1029 et
740 970 837 1047 paucis
849 969 959 1030 diebus.
971 948 1017 994 ²³⁸·

122 1051 209 1111 Gar.
225 1050 261 1109 ll.
286 1049 389 1110 Postea
408 1060 465 1110 tres
483 1051 564 1110 simul
580 1051 699 1128 Augusti
714 1053 840 1129 luerunt,
858 1052 959 1131 Pupie·
1028 1108 1031 1115 .

56 1153 120 1210 nus,
138 1134 270 1194 Balbinus
281 1144 315 1194 ‘et
325 1132 497 1211 Gordianus,
516 1135 570 1195 duo
584 1138 746 1213 superiores
757 1135 959 1196 obscurissimo

56 1235 179 1296 genere,
203 1216 358 1277 Gordianus
374 1217 491 1294 nobilis,
518 1221 624 1297 qnippe
643 1221 722 1278 cuius
744 1229 840 1297 pater,
866 1222 962 1279 senior

57 1301 224 1376 Gordianus,
241 1318 380 1360 consensu
392 1301 517 1378 militum,
534 1321 597 1361 cum
608 1303 835 1380 proconsulatum
845 1302 959 1363 Africae
987 1344 989 1349 «

56 1384 186 1463 gereret,
213 1383 363 1444 Maximino
388 1387 542 1460 imperante
563 1389 696 1462 princeps
716 1386 819 1445 fuisset
838 1386 958 1446 electus,

56 1468 155 1547 ltaque
166 1486 227 1527 curn
239 1468 497 1541 Romamvenisset,
510 1466 643 1526 Balbinus
656 1477 685 1526 et
695 1466 836 1545 Pupienus
847 1470 876 1526 in
886 1468 960 1545 pala·
978 1476 1005 1517 P·

55 1553 97 1611 tio
115 1552 255 1611 interiecti
274 1560 352 1627 sunt,
375 1550 430 1610 soli
450 1547 590 1608 Gordiano
611 1552 756 1627 imperinm
776 1559 958 1611 reservatum.
970 1543 1025 1586 cst.
1130 1569 1134 1579 “

58 1634 214 1697 Gordianus
230 1634 467 1713 admodnmpuer,
488 1651 550 1693 cum
564 1633 778 1711 Tranquillinam
788 1634 896 1694 Romae
910 1634 958 1694 du·
971 1612 1018 1654 ²³⁸·
1051 1684 1054 1688 .

55 1721 146 1780 xisset
160 1732 292 1794 morem,
310 1717 405 1777 lanum
422 1719 561 1794 geminum
578 1719 701 1792 aperuit,
726 1727 755 1776 et
772 1717 806 1776 ad
818 1712 965 1778 Orientem'
982 1738 1008 1780 r.

56 1802 315 1879 proiectusPartbis
326 1801 429 1860 bellum
441 1800 541 1876 intulit,
553 1802 601 1878 qui
613 1801 666 1858 iam
676 1801 860 1861 moliebantur
870 1819 960 1860 erum·
968 1806 1025 1851 GN·

58 1901 136 1961 pere.
159 1884 359 1963 Quodquidem
369 1901 435 1943 mox
444 1884 565 1942 feliciter
575 1886 666 1960 gessit
678 1882 852 1963 proeliisque
861 1876 1015 1963 ingen-²⁰²·

56 1966 133 2025 tibus
146 1964 247 2025 Persas
259 1966 366 2024 aillixit.
393 1964 516 2024 Rediens
530 1965 603 2025 hand
616 1966 702 2043 longe
717 1985 734 2025 a
747 1958 880 2027 Romanis
897 1969 956 2026 fini·
980 1978 1008 2021 Ρ.

57 2051 111 2110 bus
130 2049 295 2113 interiectus
306 2057 350 2108 est
365 2048 461 2108 fraude
477 2048 613 2127 Philippi,
631 2047 1025 2129 qniposteumimperu-c·1l·
1086 2082 1093 2096 ι

57 2135 107 2193 vit.
129 2131 212 2192 lliles
228 2134 255 2192 ei
267 2131 400 2192 tumulum
413 2134 551 2209 vigesimo
566 2134 710 2193 milianica
725 2131 869 2210 Gircesso,
882 2131 959 2210 quod
969 2115 1015 2159 ²⁴⁴·
1083 2200 1091 2214 x

57 2225 179 2277 castrum
190 2217 263 2276 ndne
274 2215 462 2276 Romanorum
473 2225 526 2292 est,
541 2215 675 2295 Euphrati
686 2218 844 2293 imminens,
862 2215 958 2275 aedib-

59 2303 142 2376 cavit,
155 2302 305 2378 exsequias
317 2300 434 2359 Romam
443 2302 566 2375 revexit,
584 2302 675 2377 ipsum
685 2300 787 2360 Divum
796 2299 957 2378 appellavit.

119 2384 203 2447 Gar.
223 2382 272 2444 111.
294 2381 415 2461 Philippi
431 2383 500 2459 duo,
522 2382 640 2444 iiliusac
652 2393 740 2463 pater,
757 2381 897 2443 Gordiano
909 2397 957 2443 oc·

58 2469 119 2528 ciso
133 2469 279 2545 imperium
290 2469 543 2545 invaseruntatque
561 2470 686 2527 exercitu
697 2467 828 2527 incolumi
839 2466 956 2527 reducto

57 2551 92 2612 ad
107 2550 214 2611 ltaliam
231 2569 247 2610 e
265 2551 346 2627 Syria
363 2551 484 2628 proiecti
500 2559 573 2609 sunt.
617 2548 666 2610 llis
691 2551 889 2627 imperantibus
907 2552 958 2610 mi·

57 2634 172 2695 lesimus
200 2653 287 2694 annus
307 2634 415 2694 Romae
440 2632 516 2692 urbis
542 2635 647 2710 ingenti
674 2631 800 2691 ludorum
824 2632 959 2710 apparatu

57 2717 340 2797 spectaculorumque
354 2716 513 2775 celebratus
530 2726 582 2776 est.
611 2715 702 2774 Ambo
718 2714 819 2773 deinde
829 2716 864 2774 ab
876 2734 958 2775 exer·

58 2805 114 2862 citu
136 2802 276 2861 interiecti
297 2810 374 2876 sunt,
402 2801 498 2859 senior
515 2798 658 2876 Philippus
678 2797 825 2873 Veronae,
849 2796 957 2874 Romus
981 2818 1008 2859 Ρ.

57 2887 157 2951 iunior.
191 2884 279 2944 Annis
297 2886 420 2964 quinque
437 2885 653 2961 imperaverunt.
677 2881 853 2943 lnterDivos
866 2886 1025 2998 tamenae·

55 2969 136 3029 relati
153 2977 225 3028 sunt.
1009 2984 1015 2999 ·

14 3060 18 3069 '
67 3074 71 3080 ·
120 3052 205 3113 cun.
217 3049 265 3111 Ν.
287 3038 421 3111 Ροεῑᾞοε
433 3050 543 3111 Decius
562 3067 579 3110 e
597 3048 736 3111 Pannonia
746 3049 891 3125 inferiore,
904 3048 959 3108 Bu·

56 3134 146 3195 dnliae
156 3145 247 3211 natus,
255 3136 401 3213 imperium
412 3136 538 3214 sumpsit.
560 3128 958 3213 Bellumcivile,quodinGal·

10 3284 16 3313 ,
55 3217 93 3279 lin
104 3228 207 3278 motum
221 3219 322 3295 iuerat,
336 3220 487 3296 oppressit.
510 3216 610 3278 Filium
624 3236 704 3277 snum
718 3215 869 3277 Gaesarem
881 3214 958 3276 iecit.
995 3246 998 3251 ·

55 3301 163 3362 Romae
173 3302 312 3362 lavacrum
322 3302 487 3361 aedificavit.
511 3299 958 3378 Gumbiennioipseetiiliusim·
982 3324 1009 3366 p,
1108 3318 1113 3322 ·

55 3395 214 3464 permeent,
230 3394 348 3466 uterque
359 3387 387 3448 in
399 3385 549 3448 barbarico
558 3385 698 3446 interfecti
711 3392 775 3445 sunt
788 3392 818 3443 et
827 3383 899 3442 inter
910 3379 960 3442 Ili·
968 3391 1028 3506 qq«.

55 3486 109 3531 vos
124 3469 215 3532 relati.
1009 3487 1016 3505 ·
