2362 4036
230 323 273 388 48
575 330 792 388 uo'rnortt

299 491 385 552 cnr.
406 448 456 553 IX.
488 491 573 552 Nullo
595 502 723 571 tempore
753 511 800 553 res
822 491 949 559 Romana
967 480 1064 568 magis
1092 490 1139 551 do·

230 573 295 634 ruit.
330 573 400 634 Nam
421 578 550 653 exceptis
573 576 702 636 civilibus
722 576 855 652 bellis,¹
847 594 875 635 ιιι
891 573 993 651 quibus
1017 575 1141 637 invictus

232 646 294 733 luit,
307 657 433 718 Romano
445 659 567 719 adiecit
560 677 676 737 rmpcrro
683 659 856 737 Aegyptum,
869 651 1061 734 Cantabriam,
1073 657 1141 719 Dai-

232 743 342 800 matiam
349 760 467 822 ,saepe
484 752 548 802 ante
565 745 683 818 victam,
706 742 758 801 sed
771 744 881 820 penitus
895 749 973 805 tunc
979 740 1173 818 subactam,

137 874 141 881 .
232 822 411 902 Pannoniam,
431 827 622 908 Aquitaniam,
644 824 796 902 illyricum,
814 814 952 900 Raetiam,
969 822 1173 885 Vindelicos

235 916 264 966 ct
281 908 438 969 Salassos'
430 930 458 969 m
469 908 601 988 Alpibus,
621 925 718 970 omnes
730 908 809 968 Ponti
821 909 975 977 maritimas
994 906 1173 983 civitates,

193 1028 198 1037 ·
234 974 939 1071 inbisnobilissimasBcsponumetl’anticapaeon.
958 989 1141 1051 Vicitautern

148 1136 162 1162 5
234 1076 351 1173 procliis
376 1076 480 1136 Dacos
524 1075 721 1136 Germanorum
748 1077 878 1154 ingentes
900 1076 1000 1152 copias
1024 1074 1139 1151 cecidit,

206 1164 208 1169 '
232 1159 312 1234 ipsos
327 1176 441 1236 quoque
452 1169 526 1219 trans
538 1158 630 1219 ntoim
645 1158 759 1222 fluvium
771 1158 921 1233 submovit,
939 1159 986 1235 qui
1000 1157 1029 1217 iu
1041 1158 1138 1218 barba·

232 1242 293 1299 rico
304 1241 389 1317 longe
401 1241 472 1301 ultra
483 1239 609 1302 Rhenum
622 1252 674 1301 cst.
704 1241 767 1302 Hoc
778 1251 870 1302 tamen
885 1240 990 1300 bellum
1003 1257 1058 1317 per
1067 1241 1138 1313 Dro-

143 1320 146 1325 ’
232 1340 293 1381 sum
310 1325 468 1401 privignum
485 1344 565 1384 suum
581 1326 798 1401 administravit,
823 1327 896 1384 sicut
913 1342 965 1402 per
982 1323 1135 1399 Tiberium,

203 1416 211 1425 ’
232 1407 391 1485 privignum
402 1408 530 1486 altorum,
542 1408 740 1487 Pannonicum,
757 1427 814 1489 quo
827 1407 951 1469 bellom
961 1407 1039 1466 milia
1052 1405 1155 1485 capti·

232 1508 331 1551 vorum
350 1511 386 1552 ex
409 1491 554 1556 Germania
575 1495 714 1554 transtulit
734 1503 763 1553 et
783 1510 867 1572 supra
891 1494 980 1569 ripam
997 1489 1120 1550 Rheni
1112 1501 1139 1549 ιιι·

235 1573 322 1635 Gallia
336 1576 495 1637 collocavit.
518 1576 675 1635 Armeniam
691 1595 707 1634 a
722 1576 832 1635 Parthis
849 1577 968 1650 recepit.
999 1571 1135 1647 Obsides,

233 1657 310 1732 quod
320 1658 388 1714 nulli
400 1668 491 1731 antea,
508 1658 611 1714 Persae
623 1675 649 1713 er
643 1657 807 1715 dederunt.
843 1655 1036 1723 Reddiderunt
1054 1658 1138 1717 etiarn

120 1763 126 1768 ·
232 1739 313 1814 sigua
323 1738 458 1811 Romana,
473 1755 544 1814 quac
557 1736 660 1794 Crasso
672 1740 748 1794 victo
760 1737 930 1796 ademerant.

294 1820 380 1878 Cas.
402 1818 438 1877 X.
466 1819 588 1894 Scythae
601 1829 629 1878 ct
639 1818 716 1894 lndr
738 1819 839 1897 quibus
854 1827 933 1878 antea
945 1815 1136 1883 Romanorum

231 1919 332 1961 nomen
345 1897 517 1980 incognitum
530 1903 635 1979 luerat,
659 1921 773 1963 munera
789 1911 817 1962 ct
833 1900 944 2000 legatos
954 1900 990 1961 ad
1005 1919 1071 1961 eum
1087 1906 1135 1964 mi·

131 2004 136 2009 ·
232 1994 337 2046 serunt.
360 1984 466 2047 Galatia
480 2004 594 2065 quoque
606 1987 658 2046 sub
674 1987 730 2047 hoc
747 1987 892 2064 provincia
903 1986 976 2044 iacta
988 1994 1049 2061 est,
1073 2005 1134 2047 curn

231 2079 312 2130 antea
327 2087 443 2147 regnum
456 2071 566 2145 luisset,
581 2073 742 2148 primusque
753 2089 814 2130 cam
824 2067 861 2128 nl.
873 2068 979 2128 Lollius
991 2085 1044 2146 pro
1055 2087 1133 2147 prac-
1171 2094 1173 2101 ·

232 2162 294 2213 tore
307 2154 516 2214 administravit.
555 2153 643 2213 Tanto
663 2164 754 2214 autem
773 2171 868 2214 amore
886 2155 968 2212 ctiam
982 2152 1058 2229 apud
1067 2153 1133 2229 bar·

204 2312 207 2319 ι
233 2238 317 2298 banos
332 2238 393 2313 luit,
404 2247 434 2296 ut
444 2254 540 2313 reges,
553 2238 776 2314 populillomoni
786 2240 878 2311 amici,
891 2235 1063 2296 inhonorem
1074 2239 1133 2297 eius

231 2320 388 2380 conderent
402 2322 540 2393 civitates,
561 2339 630 2397 quas
643 2319 798 2381 Caesareas
811 2321 1000 2394 nominarent,
1023 2321 1133 2380 sicutiu
1167 2322 1171 2331 '

231 2402 401 2460 Mauretania
420 2419 436 2460 a
452 2419 523 2478 rego
534 2400 613 2476 luba,
633 2407 700 2461 etin
710 2402 877 2477 Palaestina,
896 2420 969 2479 quac
980 2420 1054 2461 nunc
1069 2402 1132 2463 urbs

231 2492 277 2543 cst
287 2482 449 2544 clarissima.
470 2483 551 2543 Multi
563 2493 654 2544 autem
665 2503 750 2562 reges
763 2487 902 2562 euregnis
917 2488 975 2544 suis
986 2495 1137 2561 venemnt,

230 2574 261 2626 ut
277 2569 303 2626 ei
327 2566 565 2646 obsequerentur,
588 2576 616 2627 et
632 2568 726 2628 habitu
744 2568 887 2645 Romano,
910 2558 997 2646 togati
1011 2569 1132 2645 scilicet,

231 2650 435 2711 advenientum
446 2653 492 2712 vel
508 2669 609 2730 equum
621 2654 712 2730 ipsius
723 2660 913 2713 cucurrerunt.
949 2650 1075 2711 llloriens
1085 2652 1131 2712 Di·

69 2802 73 2809 ,
206 2753 283 2813 qus
296 2735 455 2815 appellatus
474 2745 528 2796 est
562 2735 633 2794 Rem
653 2735 793 2834 publicam
814 2737 1001 2795 beatissimam
1019 2733 1131 2797 Tiberio

151 2853 219 2897 ,00
231 2816 393 2878 successori
387 2819 528 2897 reliquit,
541 2821 589 2897 qui
598 2822 742 2898 privignus
754 2822 792 2895 ci,
804 2837 973 2897 moxgener,
986 2828 1131 2897 postremo

59 2898 121 2965 ”,
164 2923 212 2965 ιιι.
230 2901 383 2978 adoptione
394 2900 467 2960 idrus
478 2902 597 2962 luerat

178 3013 204 3056 ρ,
295 2983 382 3043 (lar.
392 2983 443 3044 Xl.
460 2985 540 3065 (Vl)
563 2985 691 3045 Tiberius
709 2987 815 3063 ingenti
834 2987 994 3046 socordia
986 2989 1132 3064 imperium

108 3078 114 3088 “
164 3080 220 3122 cm
232 3067 332 3143 gessit,
348 3069 427 3143 gravi
444 3068 618 3144 cmdelitate,
641 3069 764 3128 scelesta
775 3073 899 3146 avaritia,
921 3073 993 3149 turpi
1007 3070 1131 3132 libidine.

178 3150 209 3192 ¹⁴·
231 3148 301 3210 Nam
316 3168 451 3227 nusquam
464 3152 526 3229 ipse
537 3155 680 3230 pugnavit.
707 3152 785 3212 Bella
798 3171 848 3230 per
857 3153 970 3231 legatos
981 3172 1050 3215 suos
1064 3174 1129 3233 ges·

172 3253 182 3276 2
231 3235 277 3294 sit.
313 3231 456 3306 Quosdam
474 3253 559 3312 rcgcs
576 3253 626 3313 per
641 3234 788 3295 blanditias
808 3236 889 3297 adse
907 3247 1043 3298 evocatos
1064 3257 1130 3299 nun·
1170 3278 1173 3284 ·

232 3335 313 3395 quam
329 3318 451 3393 remisit,
477 3319 617 3417 inquibus
631 3319 797 3379 Archelaum
803 3319 1026 3398 Cappadocem,
1052 3323 1131 3387 cutus

232 3403 315 3460 ctiam
332 3419 449 3479 regnum
465 3403 492 3460 in
513 3404 675 3479 provinciae
691 3402 806 3463 formam
825 3403 936 3480 redegit
948 3413 976 3463 et
986 3407 1131 3475 maximam

232 3484 372 3544 civitatem
390 3484 526 3564 appellari
545 3487 656 3546 nominc
675 3480 727 3546 suo
742 3487 833 3563 iussit,
853 3504 926 3565 qnae
941 3506 1014 3548 nunc
1027 3486 1129 3559 Cacsa-
