2362 4036
229 212 270 276 ae
332 154 339 180 l
573 210 785 277 soracum
875 281 879 289 ⁴

228 340 337 441 nerum.
372 378 449 442 lnter
463 378 536 441 alios
551 382 634 445 etiam
653 382 731 442 venit
747 379 858 441 Atteius
873 374 959 460 atqn'e'
977 378 1136 459 Eumenes,

227 463 314 522 Asiae
328 481 424 542 reges,
444 473 472 524 et
484 463 595 525 Prusias
605 464 763 544 Bithyniae.
782 463 886 542 blagno
897 465 1016 524 bonore
1009 466 1137 545 accepti

227 554 291 605 suut
306 556 335 606 et
350 549 528 624 permittente
541 557 639 608 senata
650 547 734 624 dona,
753 564 827 625 quae
838 546 995 623 attulerant,
1008 549 1040 608 in
1051 547 1137 627 Gepi-

135 676 140 687 .
226 628 297 688 tolio
319 636 484 707 posuerunt.
523 631 635 691 Prasias
651 633 734 691 etiam
751 630 835 690 illium
853 648 933 690 suom
947 629 1137 695 Nicomedem

227 716 338 773 senatui
354 714 567 775 commendavit.

289 797 375 857 Onu
388 796 439 858 lX.
467 796 629 876 Insequenti
648 795 765 858 annob.
784 793 931 856 Mummius
951 786 979 856 in
997 796 1138 877 Hispania

226 879 300 940 bene
311 883 457 958 pugnauit.
484 880 634 941 blancollus
656 889 756 958 postea
771 879 870 941 consul
887 898 935 939 res
950 879 1065 940 ibidem
1069 899 1138 961 pro·

227 980 313 1047 spere
323 966 424 1042 gessit

158 1074 214 1116 ιιι
290 1047 376 1107 Gne.
387 1046 423 1113 Χ
437 1045 503 1126 (V.)
532 1045 768 1107 Tertiumdeinde
786 1045 890 1107 bellum
906 1052 1001 1106 eontra
1016 1045 1137 1110 Cartba-

33 1182 36 1187 ,
162 1141 208 1183 oco.
226 1130 320 1207 ginem
334 1131 504 1206 suscipitur,
531 1132 738 1190 sexcentesimo
760 1139 789 1189 et
807 1130 895 1190 altero
912 1147 984 1190 auno
1005 1130 1041 1191 ab
1063 1133 1137 1192 urbe

228 1211 356 1288 condita,
374 1209 405 1271 L.
415 1210 520 1272 lilanlro
537 1211 695 1273 censorino
716 1221 745 1272 et
756 1212 792 1273 ll·
795 1258 802 1273 .
813 1211 927 1273 lilanilio
944 1231 1039 1289 coss,
1059 1232 1137 1275 anno

227 1314 265 1357 cn.
278 1303 353 1374 post,
366 1313 448 1374 quam
460 1296 614 1357 secundum
625 1294 757 1356 Punicum
769 1295 873 1356 bellum
887 1305 1136 1359 transactnmerat.

227 1377 261 1440 lli
277 1379 398 1458 proiecti
413 1379 608 1459 Carthaginem
622 1389 866 1459 oppugnaverunt
883 1379 986 1440 Contra
994 1397 1046 1439 eos
1062 1380 1136 1441 llas·

227 1462 335 1538 drobal,
348 1462 694 1540 doxCartbaginionslom,
711 1463 868 1522 dimicabat
897 1462 1025 1538 Phamea,
1035 1463 1137 1524 doxa·

161 1546 163 1551 '
226 1543 295 1616 litus,
318 1507 453 1620 dqaitatui
478 1551 606 1619 praeerat
621 1540 901 1618 Carthaginiensium
930 1545 1028 1620 Scipio
1052 1555 1135 1623 tunc,

226 1626 368 1702 Scipionis
389 1625 513 1683 Africani
537 1639 645 1701 nepos,
671 1623 796 1681 tribunus
811 1622 849 1682 ibi
869 1623 1011 1685 militabat.
1039 1625 1137 1688 Huius

224 1707 297 1805 apud
310 1723 406 1766 omnes
419 1708 518 1796 iqgeus
530 1714 619 1765 metas
633 1715 661 1765 et
679 1707 836 1765 reuerentia
847 1715 916 1765 erat.
946 1705 1016 1765 Nam
1034 1715 1064 1766 et
1080 1724 1136 1785 pa-

223 1791 377 1850 ratissimus
399 1778 442 1849 ad
460 1787 644 1848 dimicandum
667 1798 696 1848 et
720 1788 944 1848 consultissimus
965 1789 1133 1853 babebutur.

222 1871 321 1951 ltaque
337 1889 389 1950 por
407 1891 470 1933 curn
485 1872 569 1932 multa
587 1889 726 1952 prospere
744 1890 760 1931 a
778 1872 941 1932 consulibus
953 1881 1035 1949 gesta
1053 1882 1131 1951 sunt,

160 1984 163 1993 »
223 1955 442 2036 necquidquam
461 1959 550 2033 uragis
563 1956 609 2016 uel
625 1954 780 2016 Hasdrubal
796 1955 842 2014 vel
859 1955 977 2014 Plnamea
994 1955 1144 2033 vitabant,⁴

224 2057 306 2120 quom
317 2051 412 2100 contra
423 2057 484 2099 eam
495 2039 682 2099 Rornanorum
692 2047 799 2117 partem
807 2041 991 2116 committere,
1008 2038 1055 2098 ubi
1067 2039 1131 2099 Sci·

224 2126 272 2203 pio
288 2123 445 2184 dimicabat.

165 2228 222 2276 ιι,,ιι
278 2207 372 2266 (lna.
384 2203 434 2264 xi.
465 2202 520 2262 Per
539 2202 611 2262 idem
628 2213 739 2281 tempas
750 2202 914 2278 Masinissa
932 2222 984 2264 rex
997 2202 1130 2266 Numida

170 2299 216 2342 cor
210 2307 293 2365 rum,
302 2305 358 2372 per
368 2305 455 2348 annos
467 2288 611 2364 sexaginta
624 2286 797 2345 ierearnicus
810 2286 1042 2363 populillomani,
1055 2304 1129 2349 anno

222 2373 297 2431 ultae
312 2372 400 2436 noim
417 2379 541 2430 ruortrms
558 2387 623 2429 xuru
636 2368 700 2427 liliis
717 2368 824 2428 relictis
841 2370 1005 2447 Scipionem
1022 2371 1129 2432 diuiso·

222 2471 281 2514 rem
292 2456 372 2533 regni
388 2457 460 2514 inter
475 2453 548 2512 lilius
564 2470 630 2512 esse
645 2454 735 2510 iussit.

163 2552 221 2595 no.
285 2538 338 2600 (lu
348 2559 374 2601 ι.
387 2537 451 2598 Xll.
476 2536 564 2596 Cum
557 2538 640 2614 igitur
656 2534 760 2594 clarum
772 2535 914 2614 Scipionis
924 2553 1025 2596 nomen
1037 2545 1157 2615 esset,

164 2619 329 2683 luiiuuenis
346 2621 437 2682 adbuc
463 2619 561 2678 consul
584 2627 628 2678 est
648 2618 739 2678 lactus
762 2627 790 2677 et
811 2627 907 2679 contra
930 2619 1128 2697 Carthaginem

165 2688 335 2766 mutusne.
357 2702 385 2763 ls
397 2721 458 2762 eam
473 2704 548 2780 oepit
560 2720 593 2760 ac
605 2701 697 2760 diruit
731 2700 829 2777 Spolia
846 2702 884 2760 ibi
902 2704 1030 2776 inventa,
1052 2721 1128 2782 quae

221 2790 357 2847 uariarum
373 2788 513 2845 ciuitatum
526 2784 643 2845 excidiis
656 2783 797 2861 Carthago
810 2784 981 2862 eollegerat,
1005 2794 1034 2843 et
1046 2802 1128 2845 orna·

221 2878 313 2930 menta
329 2869 437 2927 urbium
455 2868 614 2927 ciuitatibus
626 2866 750 2941 Siciliae,
769 2866 880 2944 ltaliae,
901 2866 1016 2927 Africae
1031 2867 1127 2927 reddi·

180 2954 184 2959 “
222 2951 276 3029 dit,
298 2969 370 3030 quae
383 2969 432 3011 sua
443 2950 697 3027 recognoscebant.
727 2948 768 3009 lta
780 2949 921 3029 Carthago
933 2953 1127 3028 septingente-

222 3037 294 3097 simo
305 3051 388 3112 anno,
402 3053 483 3114 quam
496 3034 607 3095 condita
618 3041 692 3110 erat,
714 3033 806 3094 deleta
818 3043 870 3093 est.
899 3035 996 3112 Scipio
1012 3034 1129 3111 nomeu,

222 3121 298 3200 qnod
312 3137 381 3180 auus
397 3121 458 3179 eius
470 3127 635 3196 acceperat,
654 3120 764 3194 meruit,
778 3117 889 3179 scilicet
901 3127 930 3178 ut
942 3127 1060 3197 propter
1068 3119 1126 3187 rir-

218 3211 307 3263 tutem
320 3203 403 3262 etiam
417 3204 479 3280 ipse
490 3200 637 3261 Africanos
649 3202 739 3260 iunior
753 3210 911 3261 uocaretur.

281 3287 332 3346 Cu
341 3305 368 3347 r.
380 3284 459 3347 x111.
475 3283 556 3365 (Vl.)
571 3285 684 3360 Interim
697 3285 724 3343 in
735 3282 900 3345 Macedonia
912 3284 1021 3364 quidam
1035 3283 1125 3343 Pseo-

219 3366 402 3448 dopbilippns
419 3386 493 3430 arma
507 3369 608 3445 movit,
626 3375 656 3426 et
665 3366 819 3427 Romanum
837 3377 1011 3446 praetorem,
1034 3366 1065 3427 P.
1077 3364 1123 3426 lu·
