2362 4036
612 226 627 261 0
737 228 740 233 .

170 313 212 381 58
351 392 360 403 x
512 294 723 379 nuruo'ntr

171 483 276 555 hrlnam
295 500 382 542 suam.
414 481 448 541 lli
465 482 568 543 bellura
588 491 685 544 contra
701 481 818 543 Parthos
834 492 1005 561 gesserunt,
1026 486 1068 565 qui

172 576 238 646 post
251 568 395 625 victoriam
406 564 515 625 Traiani
528 575 584 625 tum
601 567 718 644 primurn
731 565 949 630 rebellaverant.
980 568 1067 628 Verus

170 649 326 709 Antoninus
345 648 380 708 ad
399 648 427 708 id
439 650 583 727 proiectus
602 657 656 709 est.
687 649 742 723 Qui
763 648 930 710 Antioohiae
951 661 980 711 et
996 654 1084 712 circa

168 733 327 792 Armeniam
342 750 430 810 agens
442 732 526 792 multa
540 750 591 811 per
603 732 690 792 duces
702 743 732 792 et
742 735 863 810 ingentia
871 736 1000 810 patravit.
1020 736 1065 794 Se·

168 816 304 893 leuciam,
326 815 460 892 Assyriae
472 817 568 876 urbem
579 816 793 891 nobilissimam
815 834 877 875 cum
888 817 1066 910 quadraginta

168 899 280 960 milibus
305 901 444 959 hominum
465 901 550 977 cepit
582 900 736 960 Parthicum
759 860 926 977 ιιιιιιιιιιιιιιιι
950 903 1064 960 revexit.

119 989 146 1032 Ρ
169 981 265 1043 Cuml
251 983 335 1042 ratre
347 982 503 1060 eodemque
515 999 616 1042 socero
629 983 822 1061 triumphavit·
852 981 928 1042 Ohnt
940 986 1065 1044 tamenn

103 1058 161 1172 ⁰6¹⁰*
168 1064 317 1142 Venetia,
325 1082 386 1125 cum
403 1065 587 1126 aCoucordia
607 1068 721 1126 civitate
734 1064 855 1127 Altinum
871 1067 1063 1166 proficiscere·

168 1159 317 1211 turetcoru
331 1150 454 1209 fratrem
464 1149 596 1209 vehiculo
608 1149 729 1226 sederet,
738 1149 830 1209 subito
837 1152 975 1226 sanguine
985 1151 1063 1225 ictus,

169 1250 236 1292 casu
251 1231 349 1307 morbi,
362 1250 455 1309 quern
464 1229 563 1292 Graeci
574 1194 755 1312 ιιιιόπιηξιν
769 1242 888 1293 vocant.
924 1232 1000 1292 ιιι·
991 1250 1063 1312 rege

167 1317 206 1374 nii
222 1331 318 1391 parum
339 1315 440 1391 civilis,
464 1318 622 1376 reverentia
640 1323 732 1376 tamen
751 1317 843 1376 fratris
858 1315 925 1375 nihil
949 1314 1064 1394 ιιιιιιιιιιιι

168 1406 249 1458 atrox
264 1416 359 1458 ausus.
394 1397 464 1459 (ium
476 1400 586 1462 obisset
596 1399 771 1463 undecimo
763 1400 871 1479 imperii
886 1416 974 1476 anno,
998 1403 1092 1460 iuter·

169 1480 240 1543 deos
251 1482 355 1543 relatus
367 1492 420 1543 est.

229 1607 314 1668 Cas
330 1605 380 1667 xi
399 1605 478 1685 (Vl.)
506 1606 574 1666 Post
596 1625 659 1667 eum
676 1605 786 1684 Marcus
806 1605 963 1666 Antoninus
987 1606 1064 1666 solus

163 1688 376 1763 rempublicam
392 1691 480 1744 tenuit
486 1689 569 1761 ,vir,
591 1706 673 1763 quem
682 1689 773 1745 mirari
767 1687 894 1745 facilius
908 1690 1065 1766 quisquam

168 1766 280 1831 laudaro
294 1769 392 1844 possit.
414 1765 585 1846 Aprinoipio
597 1769 671 1825 vitae
683 1767 935 1855 tranquillissimus,
952 1768 1028 1828 adcn
1040 1779 1068 1830 nt

167 1854 196 1911 in
210 1851 320 1910 infantia
333 1866 445 1928 quoquc
456 1849 559 1909 'uultum
571 1868 624 1909 nen
637 1867 673 1910 ex
683 1849 802 1926 gaudio,
822 1867 875 1909 neo
890 1869 926 1910 ex
936 1867 1066 1913 moerore

167 1933 285 1993 mutarit.
304 1930 503 2012 Philosophiae
515 1932 623 1994 deditus
636 1935 792 2009 Stoicae,
783 1950 847 2011 rpse
859 1934 941 1992 ctiam
952 1951 1008 1993 non
1021 1951 1064 1994 so·

166 2015 224 2077 lum
233 2017 308 2077 vrtae
319 2018 454 2093 moribus,
467 2017 518 2079 sed
528 2019 610 2077 etiam
621 2014 775 2077 eruditione
783 2015 978 2095 philosophus
994 2016 1063 2078 Tan·
1101 2012 1104 2021 ⁴

165 2109 212 2162 tae
222 2099 409 2161 admirationis
421 2101 530 2161 adhuc
522 2103 642 2176 rutenis,
655 2109 684 2159 ut
696 2118 759 2159 eum
774 2117 971 2160 successorem
986 2119 1063 2180 para·

165 2187 238 2245 verit
248 2183 400 2245 Hadrianus
415 2172 589 2262 relinquere,
607 2183 738 2261 adoptato
754 2192 846 2243 tumen
862 2183 1002 2243 Antonino
1015 2183 1062 2246 Pio

165 2274 299 2346 generum
323 2286 388 2327 esse
406 2267 433 2324 ei
450 2266 696 2367 idcircovoluerit,
715 2275 745 2326 ut
756 2267 812 2327 hoc
824 2265 921 2327 ordine
932 2265 986 2328 ad'
977 2284 1062 2347 impe·

100 2392 103 2397 -
165 2352 416 2427 riumperveniret.
497 2350 503 2359 “

229 2471 318 2532 (ιιι
334 2469 397 2531 illl.
420 2469 563 2532 Institutas
579 2481 624 2532 est
638 2471 672 2532 ad
690 2471 895 2551 philosophiam
913 2490 965 2552 per
974 2471 1061 2552 Apol-

163 2555 267 2616 lonium
282 2554 515 2631 chalcedonium,
535 2555 570 2615 ad
588 2557 732 2615 scientiam
745 2556 884 2616 literarum
898 2555 1063 2617 Graecarum

164 2657 224 2719 per·
235 2640 348 2700 Sextum
363 2637 605 2715 Chaeronensem,
626 2638 764 2700 Plutarchi
784 2649 932 2719 nepotem,
954 2638 1063 2700 Latinas

164 2731 255 2784 autem
266 2724 362 2784 literas
369 2742 432 2782 eum
443 2721 557 2798 Fronto,
571 2733 664 2783 orator
675 2723 874 2799 nobilissimus,
886 2724 992 2783 docuit.
1011 2721 1064 2782 llic

165 2825 228 2867 cum
240 2805 366 2866 omnibus
377 2805 486 2865 Romae
502 2822 593 2884 aequo
610 2810 670 2866 iure
682 2808 754 2883 egit,
780 2807 815 2866 ad
828 2806 930 2875 nullam
939 2805 1063 2866 insoleu-

164 2892 229 2950 tinm
247 2890 337 2948 elatus
352 2890 461 2967 imperii
470 2889 612 2967 ¹lastigio,
635 2889 808 2950 liberalitatis
827 2891 1062 2968 promptissimae.

73 2988 75 2992 ⁴
129 2968 136 3000 z
165 2971 327 3031 Provincias
349 2973 454 3050 ingenti
473 2972 644 3048 benignitate
664 2981 693 3032 et
712 2971 905 3032 moderatione
924 2975 1062 3033 tractavit.

114 3093 116 3096 -
165 3053 268 3114 Contra
288 3052 439 3116 Germanos
461 3073 496 3115 eo
521 3057 647 3132 principe
668 3073 716 3116 res
726 3055 848 3115 feliciter
866 3065 966 3134 gestae
982 3062 1062 3116 esunt.

163 3135 270 3198 Bellum
288 3141 349 3217 ipse
366 3158 447 3199 unum
468 3141 558 3215 gessit
574 3137 837 3215 Marcomannicum,
864 3139 916 3209 sed
932 3149 1063 3217 quantum
1093 3140 1095 3145 '

163 3220 237 3283 nulla
252 3224 384 3282 memoria
401 3221 467 3296 luit,
484 3221 555 3281 adeo
570 3230 599 3280 ut
616 3219 726 3282 Punicis
742 3223 909 3282 conferatur.
937 3221 1008 3283 Nam
1025 3239 1063 3281 eo

163 3307 275 3384 gravius
291 3311 335 3364 est
351 3304 468 3379 lactum,
492 3303 567 3382 quod
584 3307 708 3365 universi
725 3308 867 3366 exercitus
877 3305 996 3366 Romani
1012 3323 1061 3384 pe·

163 3391 274 3449 rierant.
312 3387 370 3447 Sub
387 3387 444 3446 hoc
460 3390 533 3446 enim
547 3396 637 3446 tantus
658 3406 739 3449 casus
756 3391 932 3467 pestilentiae
949 3390 1012 3466 luit,
1031 3398 1063 3448 ut
1095 3435 1099 3440 .

163 3481 229 3550 post
238 3472 384 3533 victoriam
394 3469 535 3533 Persicam
545 3469 652 3534 Romae
663 3488 698 3534 ac
708 3489 761 3552 per
772 3469 876 3534 ltaliam
887 3474 1061 3552 provincias·
