2362 4036
152 400 157 412 ι
230 313 251 376 o
499 295 529 387 ᾗ
571 313 837 396 suracim

230 479 277 538 ubi
292 478 455 556 plurimum,
478 476 526 537 vix
538 494 630 556 usque
646 476 682 537 ad
700 477 826 556 quintum
842 474 1138 541 teclnnmmtltarim

269 561 401 622 ssideret.

230 578 268 639 po
292 644 380 705 Car.
392 643 442 704 lX.
455 641 562 723 (Vlll.)
577 642 648 704 llinc
661 642 794 703 eonsules
805 659 931 721 coepere
941 644 995 721 pro
1006 660 1138 724 uuorege

229 728 285 790 duo
298 729 350 788 lrac
362 746 447 788 causa
459 729 560 802 creari,
573 736 613 800 ιιι,
626 729 650 786 si
665 745 737 787 uuus
747 726 837 786 malus
849 745 917 787 esse
930 726 1089 806 voluisset,
1102 728 1138 790 d·

228 821 273 872 ter
283 830 347 872 eum
358 812 465 873 habens
477 819 645 890 potestatem
656 809 776 870 similem
788 816 947 878 coerceret.
971 808 1011 870 Et
1021 810 1138 888 placuit,

227 912 265 957 ne
278 897 426 972 imperium
437 894 566 971 longius,
584 910 665 972 quarn
676 911 796 953 annuum
806 893 1002 969 haberentue
1014 894 1138 972 perlin-

225 981 386 1038 tumitatem
399 979 546 1056 potestatis
558 975 756 1053 insolentiores
767 974 961 1052 redderentur,
973 976 1027 1036 set
1038 976 1138 1039 civiles
1167 976 1170 984 “

228 1078 343 1140 semper
354 1070 462 1137 essent,
474 1062 522 1139 qui
534 1078 567 1129 se
577 1068 643 1139 post
654 1078 756 1120 annum
766 1061 872 1120 scirent
882 1057 991 1121 laturos
1003 1077 1075 1120 esse
1088 1062 1136 1141 pri·

49 1217 52 1221 .
161 1149 219 1194 mu.
228 1153 319 1205 vatos.
345 1143 469 1203 Fuerunt
480 1146 566 1221 igitur
575 1158 647 1203 anno
659 1144 749 1221 primo
761 1139 889 1220 expulsis
906 1142 1024 1220 regibus
1036 1161 1137 1205 conen·

167 1216 214 1259 ⁹⁴³*
229 1227 273 1287 les
283 1225 314 1285 L.
326 1223 540 1300 luniusllrutus‚
554 1227 602 1303 qui
613 1228 731 1286 maxime
743 1234 852 1303 egerat,
863 1235 894 1286 ut
902 1224 1074 1304 Tarquinius
1082 1226 1137 1306 psl·

228 1309 345 1384 leretur,
359 1306 563 1386 etTarpuinius
580 1306 746 1384 Collatinus,
764 1310 878 1369 meritus
889 1307 1051 1369 Lucretiae:
1084 1306 1137 1371 Set

229 1391 381 1471 Tarquinio
393 1389 533 1452 Collatino
546 1394 638 1452 statim
651 1392 759 1453 sublata
771 1400 815 1452 est
832 1390 963 1470 dignitas.
990 1389 1138 1454 Placuerat

229 1470 313 1553 enim,
329 1495 366 1535 ne
376 1478 565 1555 quisquamin
576 1475 645 1536 urhe
657 1485 796 1549 maneret,
807 1477 862 1554 'qui
874 1474 1136 1554 Tarquiniensem

228 1569 315 1620 retur.
344 1557 423 1635 Ergo
437 1569 557 1636 accepto
569 1561 643 1617 omni
656 1560 822 1635 patrimonio
834 1575 886 1618 suo
899 1578 935 1619 ex
951 1559 1021 1618 urbe
1035 1560 1136 1639 unigra-

228 1642 269 1699 rit
280 1649 309 1698 et
319 1640 385 1698 loco
398 1642 488 1716 ipsius
503 1642 595 1699 lactus
606 1648 650 1698 est
662 1639 790 1698 Valerius
801 1639 945 1699 Publicola
957 1641 1070 1703 consul,
1102 1708 1111 1715 ⁵

292 1719 371 1780 Cre.
384 1721 420 1780 X.
433 1720 516 1802 (IX.)
538 1721 697 1798 Gommcvit
715 1729 807 1780 lamen
825 1720 931 1780 bellum
949 1721 1011 1780 urbi
1028 1722 1138 1787 Romae

228 1823 279 1866 rex
296 1801 477 1882 Tarquinius,
498 1806 546 1882 qui
562 1803 653 1862 luerat
677 1802 826 1880 expulsus,
849 1811 878 1862 et
896 1802 1025 1862 collectis
1041 1800 1138 1869 mutati

228 1887 372 1965 gentibus,
386 1895 415 1945 ut
426 1888 454 1947 in
463 1905 581 1964 regnum
593 1894 693 1964 posset
702 1888 822 1963 restitui,
836 1884 986 1947 dimicavit.
1008 1883 1139 1965 luprima

229 1987 322 2048 pugna
334 1969 436 2029 Brutus
449 1969 549 2030 consul
562 1979 590 2028 et
607 1968 711 2045 Aruns,
734 1968 877 2049 Tarquinii
892 1969 981 2044 lilius,
1004 1969 1138 2032 invicem

228 2071 261 2113 se
274 2052 451 2128 oeciderunt,
464 2052 581 2113 llomani
591 2063 684 2112 tamen
698 2070 734 2111 er
745 2069 779 2112 ea
800 2053 1025 2131 pugnavictores
1038 2071 1137 2117 reces-

226 2147 333 2197 serunt.
358 2137 472 2196 Brutum
489 2137 632 2196 Romanae
650 2145 808 2206 matronae,
828 2135 1009 2196 defensorem
1028 2137 1137 2214 pudici·

228 2223 284 2282 tiae
295 2239 384 2294 suae,
403 2221 482 2296 quasi
495 2233 671 2279 communem
682 2229 800 2297 petrem,
822 2237 985 2298 perannum
996 2219 1137 2282 luxerunt

49 2354 51 2359 ,
159 2316 218 2357 sm.
227 2303 358 2363 Valerius
375 2301 520 2361 Publicola
538 2303 590 2379 Sp.
610 2301 769 2361 Lucretium
785 2301 979 2380 Tricipitinum
996 2302 1138 2382 collegam
1179 2291 1181 2364 l

165 2382 204 2425 ⁹⁴⁶
228 2386 282 2445 sibi
298 2385 381 2461 lecit,
399 2383 546 2448 lucretiae
559 2393 681 2461 patrem,
705 2401 767 2461 quos
779 2385 878 2447 morbo
890 2395 1018 2462 mortuo,
1035 2387 1138 2448 iterum

227 2466 729 2545 HoratiumPulvillumcollegameibi
741 2470 870 2546 sumpsit.
883 2467 925 2528 lta
935 2471 1040 2546 primus
1048 2486 1138 2531 annus

227 2553 352 2630 quinque
369 2551 502 2624 eonsules
514 2552 619 2627 habuit,
643 2568 706 2609 cum
719 2549 887 2630 Tarquinius
899 2551 1054 2612 Collatinus
1067 2553 1138 2614 urbe

227 2636 365 2695 cessisset
379 2644 497 2714 propter
511 2652 624 2710 nomen,
636 2634 738 2694 Brutus
749 2636 861 2714 proelio
874 2638 1007 2714 perisset,
1020 2635 1074 2714 Sp.
1085 2635 1137 2699 Lu·

227 2720 332 2779 eretins
346 2720 446 2779 morbo
458 2727 584 2778 mortuus
599 2728 688 2778 esset.
1143 2714 1149 2723 '

291 2802 342 2863 Gn
351 2823 379 2862 r.
390 2802 442 2863 Xl.
456 2802 524 2884 (X.)
547 2803 679 2863 Secundo
691 2819 807 2880 qnoque
823 2819 894 2863 anuo
906 2803 1007 2863 iterum
1018 2801 1138 2884 Tarqui

226 2888 300 2959 nius,
318 2893 349 2944 ut
362 2888 538 2965 reciperetur
556 2889 733 2964 teregnum,
758 2884 863 2944 bellum
881 2885 1015 2946 Romanis
1031 2887 1137 2963 intulit,

227 2968 392 3029 auxiliumei
404 2970 513 3030 lerentc
519 2969 653 3045 Porsena,
662 2968 782 3028 Tusciae
790 2986 872 3045 rege,
883 2978 912 3029 et
918 2969 1035 3029 Romam
1044 2986 1139 3048 paene

159 3065 216 3108 au.
227 3053 313 3129 cepit.
329 3053 451 3124 ,Verum
460 3063 527 3113 tune
539 3070 654 3132 quoque
668 3053 760 3110 vietus
774 3060 828 3110 est.
861 3051 956 3113 Tertio
969 3069 1049 3116 ¹anno
1070 3060 1138 3133 post

164 3133 211 3175 ⁹⁴&
225 3153 311 3213 reges
328 3147 444 3198 exactos
458 3136 636 3215 Tarquinius,
663 3152 726 3194 cum
736 3136 844 3213 suscipi
859 3132 916 3194 riou
934 3138 1138 3213 possetinre·

158 3231 426 3299 u.1t.gnum‚ueque
439 3223 466 3280 ei
478 3219 612 3294 Porsena,
625 3219 672 3296 qui
685 3235 784 3296 pacem
795 3236 859 3277 curn
869 3219 1003 3279 Romanis
1014 3220 1137 3298 fecerat,

163 3311 210 3354 ιιι.
223 3301 356 3362 auxilium
363 3312 528 3381 praestaret,
537 3301 689 3362 Tusculum
702 3320 734 3361 se
747 3298 874 3378 eontulit,
891 3304 1139 3380 quaecivitasnon
1157 3318 1173 3343 ⁴

223 3381 310 3461 longe
325 3386 360 3445 ab
372 3387 442 3444 urbe
457 3394 515 3459 est,
531 3394 615 3464 atque
630 3384 670 3444 ibi
687 3402 737 3463 per
748 3384 960 3462 quatuordeeim
971 3402 1061 3446 annos
1079 3389 1137 3466 pri·

224 3474 306 3526 ratus
316 3484 380 3527 eum
390 3474 479 3526 uxore
491 3469 650 3529 consenuit.
678 3467 785 3542 Quarto
798 3485 872 3530 anno
883 3477 950 3548 post
963 3486 1054 3548 reges
1068 3488 1137 3534 exa·
