2362 4036
413 299 609 393 nr'aeau.
757 367 759 370 .
946 292 1040 365 a,

60 464 194 528 obsidens
209 469 304 545 oepit,
335 469 553 546 antiquissimam
574 464 670 526 italiae
688 474 773 544 atque
789 457 1029 527 tiusstnsm.i·⁰·

11 586 20 621 .
56 549 128 610 l’ost
138 568 199 610 eam
210 554 289 628 oepit
303 561 333 611 et
343 550 481 626 Faliscos,
500 566 557 610 non
572 554 662 608 minus
674 549 797 609 nobilem
813 524 1019 634 civitatem&

58 633 118 693 Sed
129 644 268 693 commota
276 643 319 694 eet
326 636 352 693 ei
364 634 476 709 invidia,
487 635 567 710 quasi
580 632 710 710 praedam
721 633 793 692 male
806 632 961 708 divisisset,
971 621 1028 703 3.ξῇ

57 715 303 795 damnatusquaob
316 734 377 776 eam
389 715 692 793 caussameterpulsos
703 719 816 776 civitate
826 724 879 775 est.
902 715 962 774 Sta·
972 730 990 770 a
1002 728 1030 770 u.

57 801 108 858 tim
118 798 190 859 Galli
201 799 331 860 Senones
347 798 381 859 ad
393 800 490 860 urbam
504 808 656 873 venerunt,
675 806 704 856 et
713 800 806 858 viotos
821 795 1021 859 Romanos*-

57 881 208 941 undeolmo
220 882 337 943 miliario
349 883 462 942 alioma
475 881 550 959 apud
561 880 770 941 domentiam
781 882 872 940 seouti
884 883 966 942 etium
1065 894 1068 899 '

58 964 347 1042 urbemooouparunt.
380 965 480 1044 Neque
498 964 611 1024 delendi
629 963 796 1042 quidquam,
815 966 870 1024 nisi
882 963 965 1040 Capi·

57 1047 173 1123 talium,
190 1051 295 1126 potuit,
329 1048 405 1127 quod
421 1067 484 1108 cum
495 1047 541 1108 diu
555 1047 733 1107 obsedissent
743 1050 836 1107 otiam
847 1046 965 1107 llomani

57 1129 132 1190 farne
142 1130 310 1206 laborarent,
322 1148 339 1192 a
351 1130 480 1207 Camillo,
489 1132 540 1209 qui
552 1133 580 1190 in
590 1132 682 1190 udos
697 1132 811 1190 civitate
822 1128 1021 1204 exulabant-⁰·
1039 1196 1041 1201 ,
1135 1159 1140 1165 -

57 1210 146 1272 Gallis
165 1223 364 1291 superventum
379 1224 425 1275 est
439 1216 664 1293 gravissimeque
674 1215 830 1275 vieti-sunt.
862 1198 1015 1272 rosseum

56 1305 149 1354 tamen
162 1306 283 1374 aooepto
296 1300 380 1358 etiam
394 1316 479 1372 auro,
498 1316 536 1356 ne
546 1296 717 1374 Capitolium
729 1296 902 1372 obsiderent,
918 1312 963 1355 re·
1003 1364 1006 1375 Ι

56 1389 214 1454 uenerunt,
223 1379 453 1439 sedseoutuseos
463 1379 596 1439 Camillus
608 1383 644 1438 ita
653 1380 767 1454 cecidit,
779 1388 846 1439 utet
856 1396 963 1453 aurum,

56 1460 134 1538 quod
147 1464 182 1521 iis
193 1462 284 1521 datum
296 1463 397 1535 luerat,
418 1471 446 1520 et
457 1463 564 1535 omnia,
584 1478 656 1538 quae
668 1470 819 1537 ceperant,
836 1460 964 1520 militaria

56 1545 305 1620 signarerooaret.
327 1542 368 1603 ita
379 1546 463 1602 tertio
473 1543 646 1620 triumphans
657 1543 755 1602 urbem
766 1545 1023 1620 iogressusastso.

36 1640 39 1644 ·
55 1626 252 1768 &appellatus
264 1625 557 1703 seeundusllomulus,
571 1628 651 1706 quasi
661 1636 691 1686 et
701 1629 764 1705 ipse
772 1630 877 1706 patriae
887 1638 955 1686 eort-
967 1630 1017 1679 Μ.

85 1718 139 1769 ior.
943 1746 949 1755 ι

338 1820 340 1825 “
418 1818 628 1834 Μ

240 1923 756 2005 ,ltbltslotttttttta

372 2106 661 2159 ttobdttttrtttt.

107 2213 133 2267 1.
150 2211 255 2262 Tribuni
271 2211 392 2261 militares
408 2210 533 2261 oonsulari
552 2215 677 2275 potestate
692 2222 739 2273 pro
757 2207 856 2258 duobus
873 2223 963 2260 oonsu-

54 2283 122 2332 libus
139 2287 262 2330 oreantur.
290 2278 531 2338 CamillusVolsaos,
548 2280 650 2341 Aequos
670 2286 695 2330 et
704 2276 826 2337 Sutrinos,
851 2274 876 2327 1.
887 2276 963 2336 Quin·

54 2353 106 2400 tius
124 2348 283 2401 Cincinnatus
300 2347 474 2399 Praenestinos
493 2348 577 2396 vincit.
613 2343 639 2398 3.
657 2347 685 2397 ln
703 2346 786 2395 locum
808 2344 964 2395 tribunorum

55 2419 202 2468 militarium
211 2416 336 2468 consulari
345 2406 468 2483 potestatis
485 2416 624 2473 succedunt
630 2429 717 2463 rursus
727 2413 852 2463 eonsules.
879 2409 905 2462 4.
916 2412 962 2463 Ca-

54 2487 117 2537 milli
131 2501 199 2537 mors
221 2495 246 2536 et
261 2486 325 2536 laus.
361 2485 387 2537 b.
406 2484 532 2534 Gallorum
557 2483 583 2532 in
605 2481 702 2531 ltaliam
726 2483 872 2530 irruentium
891 2481 961 2546 luga.

55 2551 81 2606 6.
102 2554 197 2605 Census
213 2557 303 2605 iterum
319 2553 435 2605 babetur.
462 2552 496 2601 ld.
513 2552 630 2601 Valerius
649 2551 674 2599 in
688 2550 811 2615 singulari
829 2552 963 2600 sartamine

56 2623 153 2674 Gallum
164 2626 249 2674 vineit.
276 2619 300 2675 7.
310 2623 408 2673 Bellum
425 2629 510 2671 eontra
518 2620 620 2669 Latinos
635 2627 872 2682 prosperegestum.
896 2616 923 2669 8.
933 2615 961 2674 9.

54 2692 147 2748 Variae
166 2691 315 2741 Samnitium
332 2690 426 2751 clades,
445 2689 534 2754 quibus
554 2687 696 2736 diutumum
715 2686 777 2735 illud
794 2687 887 2736 bellum
903 2688 962 2736 sub-

55 2760 133 2809 latum
150 2768 197 2813 est.
234 2758 275 2809 lo.
293 2761 404 2809 Victoria
428 2757 460 2808 de
477 2755 555 2807 Gallis
573 2756 721 2818 illorumque
739 2756 814 2805 sociis
830 2754 918 2804 Tuscis
937 2761 962 2803 et

56 2825 218 2877 Samnitibus.
246 2823 352 2878 11-14.
369 2827 464 2876 Bellum
480 2824 640 2874 Tarentinum
659 2830 684 2871 et
701 2838 757 2872 eum
772 2823 874 2889 Pyrrho,
891 2822 962 2887 Epiri

55 2908 125 2959 rege,
140 2894 207 2944 ltalia
223 2895 307 2945 multis
325 2895 409 2948 soniis.
439 2893 480 2947 lb.
496 2893 653 2943 Ptolemaeus
670 2891 778 2957 Aegypti
795 2907 840 2942 rex
864 2892 888 2941 le
922 2899 961 2940 tos

56 2962 162 3013 Romam
179 2965 260 3019 mittit.
283 2961 326 3014 16.
346 2964 459 3013 Pieentee
475 2962 608 3012 vinounmr
625 2955 667 3009 lt.
682 2968 706 3009 et
716 2959 853 3010 Sallentini.
872 2959 886 3009 1
917 2957 960 3012 18.

57 3029 262 3082 Censusaivium.
287 3032 383 3082 Bellum
392 3032 513 3081 Punioum
522 3030 631 3094 primum
648 3029 751 3091 eiusque
760 3029 874 3080 diversae
882 3029 960 3078 uices.

107 3113 209 3177 .0sr.
226 3113 249 3174 1.
281 3113 363 3175 tlnno
383 3115 581 3175 trecentesimo
603 3114 782 3190 sexagesimo
806 3114 903 3191 quinto
925 3111 960 3170 ab

55 3197 127 3258 urbe
138 3197 259 3271 condita,
273 3206 340 3274 post
351 3207 460 3276 captam
476 3206 568 3256 autem
580 3197 684 3273 primo,
708 3196 858 3273 dignitates
873 3201 961 3252 muta·

9 3302 17 3331 r
54 3290 100 3341 tae
117 3289 196 3355 sunt,
217 3288 246 3338 et
264 3297 316 3356 pro
327 3280 437 3340 duobus
455 3280 617 3340 oonsulibus
633 3279 699 3338 laeti
710 3279 811 3339 tribuni
826 3275 959 3335 militares
969 3295 1028 3343 su.

55 3365 360 3440 eonsularipotestato.
381 3362 452 3423 llioo
463 3364 515 3423 iam
526 3361 751 3439 eoepitllomaua
759 3378 806 3420 res
815 3375 957 3419 creseere.
968 3363 1015 3407 ³¹¹·

56 3447 126 3509 llam
138 3447 270 3508 Camillus
283 3462 319 3506 eo
331 3463 403 3525 anno
409 3445 578 3507 Volscorum
590 3446 747 3519 ciuitatem,
766 3456 899 3521 quaeper
914 3458 960 3503 se·
