2362 4036
255 306 297 372 74
517 342 519 347 -
597 307 813 364 uetuerit

255 474 439 552 principatum
455 471 541 530 totius
558 470 791 545 orbisallectans‚
810 467 917 528 licinio
928 465 1035 528 bellum
1057 464 1145 543 intulit,
1179 507 1181 532 ι

256 557 380 634 quamvis
397 553 576 614 necessitudo
590 563 618 613 et
634 554 752 612 affinitas
774 570 836 611 cum
851 567 887 611 eo
903 561 991 611 esset.
1024 550 1096 625 Nam
1110 567 1145 610 se

189 616 238 727 ⁰¹}
254 657 302 698 ror
329 636 491 698 Constantia
513 645 598 715 nupta
621 635 726 696 Licinio
749 643 818 695 erat.
858 634 902 694 Ac
922 637 1013 713 primo
1041 635 1142 694 comit
1173 670 1175 695 ι

198 714 245 798 ³⁹14]
257 721 394 782 Pannonia
415 719 538 779 secunda
561 721 669 798 'ingenti
691 728 824 797 apparatu
846 718 951 779 belluim
977 717 1053 796 apud
1069 715 1140 777 ‘Ciba
1174 754 1176 759 ·

256 806 298 866 las
320 807 501 865 instruentem
528 804 689 883 repentinus
714 805 871 881 oppressit,
893 803 1025 879 omnique
1052 799 1139 860 Darde

256 891 312 964 nia,
328 887 447 963 hloesia,
458 885 622 947 Macedonia
639 886 743 965 potitus
758 902 922 946 numerosas
933 885 1094 964 provincias
1105 899 1138 942 oc·
1177 921 1181 943 .

256 974 378 1051 cupavit.
1174 980 1179 990 ·

318 1055 402 1118 Cur.
414 1053 461 1116 Vl.
483 1054 565 1114 Varia
581 1053 716 1130 deinceps
732 1054 805 1112 inter
820 1068 872 1112 eos
887 1050 978 1128 bella,
1001 1060 1029 1112 et
1046 1064 1154 1130 pau-re.
1179 1084 1181 1090 ·

190 1119 239 1228 CPN
257 1137 403 1197 conciliata
422 1147 559 1214 ruptaque
572 1145 624 1196 est.
654 1135 801 1195 Postremo
814 1133 935 1195 Licinius
952 1135 1043 1195 navali
1060 1141 1138 1194 etter

199 1219 244 1295 324]
256 1223 338 1279 rastri
352 1219 461 1296 proelio
478 1223 569 1279 victus
581 1219 655 1297 apud
664 1218 856 1279 Nicomediam
872 1237 904 1278 se
916 1218 1021 1278 dedidit
1040 1225 1070 1277 et
1086 1230 1139 1276 cen

213 1322 239 1365 r.
258 1310 300 1362 tra
324 1302 677 1380 religionemsacmmentt
697 1302 916 1363 Thessalonicae
934 1304 1058 1380 privatus
1078 1299 1140 1360 ocul

188 1386 247 1436 ⁰·N·
257 1404 306 1445 sus
318 1395 371 1444 est.
403 1385 448 1446 Eo
459 1395 587 1463 tempore
598 1405 645 1446 res
656 1386 779 1446 Romana
790 1386 842 1445 sub
853 1402 909 1445 uno
920 1385 1049 1463 Augusto
1063 1391 1091 1444 et
1104 1382 1140 1443 hl.

3 1512 5 1525 .
59 1436 65 1451 x
83 1473 85 1476 ’
198 1458 243 1500 ³⁹5·
256 1470 309 1530 bus
321 1467 499 1546 Caesaribus,
512 1470 587 1548 quod
598 1488 736 1548 nunquam
747 1470 825 1546 alias,
837 1470 899 1546 luit,
914 1487 977 1528 cum
986 1468 1069 1528 liberi
1081 1465 1142 1528 (lor

255 1554 366 1613 stantini
379 1551 500 1631 Galliae,
515 1554 621 1613 Orienti
633 1551 786 1629 italiaeque
798 1554 971 1629 praeessent.
998 1551 1103 1611 Verum
1111 1550 1143 1609 in·

256 1632 482 1696 solentia'rerum
498 1636 679 1695 secundarum
702 1636 871 1711 aliquantum
888 1634 1098 1695 Constantinum
1117 1648 1146 1692 cx

255 1719 301 1778 illa
312 1719 458 1796 ¹favorabili
473 1720 553 1777 animi
565 1717 706 1776 docilitate
717 1720 839 1776 mutavit.
864 1715 982 1775 Primum
996 1718 1147 1776 necessita·

205 1827 231 1871 p,
258 1803 337 1861 dines
348 1811 515 1881 persecutus
526 1800 610 1861 hlium
622 1817 711 1874 suum,
726 1801 871 1876 egregium
884 1801 983 1875 virum,
1003 1808 1032 1858 et
1045 1801 1150 1859 sororis

189 1895 244 1939 un.
259 1885 353 1962 filiurn,
373 1885 536 1945 commodae
551 1884 653 1944 indolis
668 1885 807 1958 iuvenem,
829 1881 983 1958 interiecit,
1002 1899 1070 1942 mox
1087 1900 1148 1943 uxo·
1174 1850 1181 1961 l

197 1963 243 2009 ³2⁶·
257 1986 326 2045 rem,
341 1977 407 2046 post
416 1985 581 2029 numerosos
594 1970 709 2027 amices.

319 2053 402 2111 Cur.
414 2052 476 2111 vlt.
497 2053 546 2111 Vir
557 2052 645 2128 primo
658 2053 766 2128 imperii
782 2059 911 2130 tempore
928 2049 1040 2128 optimis
1051 2050 1149 2126 princi·

161 2195 165 2203 ,
256 2135 349 2213 pibus,
364 2135 460 2192 ultimo
472 2134 570 2193 mediis
583 2134 794 2212 comparandus.
806 2132 969 2194 Innumerae
980 2134 1009 2191 in
1023 2146 1060 2191 eo
1073 2133 1149 2192 animi

225 2260 236 2268 -
256 2219 442 2294 corporisque
462 2219 579 2276 virtutes
597 2217 763 2277 clamarunt.
796 2218 923 2278 lllilitaris
939 2216 1047 2295 gloriae
1066 2233 1149 2294 appe·

204 2319 232 2360 r.
255 2299 441 2373 tentissime,
460 2298 608 2359 iortuuain
621 2300 703 2359 bellis
716 2302 929 2378 prosperabit,
946 2301 1108 2375 remundis,
1125 2306 1151 2357 ut

188 2385 243 2427 Μ·
254 2398 309 2440 non
321 2387 465 2456 superaret
479 2378 649 2439 industriam.
683 2383 754 2440 Nam
771 2385 853 2441 etiam
865 2384 971 2443 Gothos
988 2391 1054 2460 post
1071 2381 1151 2442 civile

196 2452 242 2495 ³³²·
254 2462 358 2523 bellum
368 2463 445 2520 varie
457 2462 630 2539 profligavit,
650 2480 720 2539 pace
738 2464 772 2523 ad
785 2474 956 2542 postremum
968 2466 1046 2543 data,·
1057 2467 1151 2544 ingen·

253 2556 367 2624 temque
382 2545 456 2623 apud
473 2546 603 2606 barbaras
620 2555 720 2624 gentes
732 2550 883 2628 memoriae
900 2550 1017 2627 gratiam
1032 2549 1152 2610 colloca·

253 2633 302 2691 vit.
335 2630 471 2691 Civilibus
488 2630 592 2690 artibus
608 2639 637 2689 et
654 2631 751 2691 studiis
771 2632 931 2693 liberalibus
943 2631 1069 2710 deditus,
1088 2633 1152 2693 ade·

255 2724 345 2775 otator
355 2717 420 2774 iusti
435 2716 548 2789 amoris,
565 2732 647 2791 quent
660 2718 732 2774 omni
745 2717 797 2777 sibi
813 2726 842 2776 et
858 2715 1022 2777 liberalitate
1038 2726 1066 2777 et
1078 2717 1153 2779 decl·

254 2799 332 2859 litate
345 2801 493 2876 quaesivit,
507 2800 579 2857 sicut
589 2800 616 2857 in
627 2799 773 2859 nonnullos
782 2803 887 2860 amieos
900 2801 1009 2876 dubius,
1022 2802 1061 2860 ita
1070 2803 1100 2863 iu
1111 2819 1153 2862 re·

255 2881 347 2959 liquos
356 2883 499 2958 egregius,
511 2881 578 2940 nihil
587 2885 764 2942 occasionum
773 2887 1003 2961 praetermittens,
1017 2903 1074 2962 quo
1085 2902 1153 2965 opu·

254 2963 389 3023 lentiores
402 2982 453 3023 eos
470 2964 660 3043 clarioresque
675 2975 839 3042 praestaret.

201 3056 230 3099 r.
314 3047 399 3107 (lar.
411 3045 487 3105 Vlll.
505 3046 605 3107 llultas
617 3048 698 3124 leges
708 3053 828 3126 rogavit,
844 3049 976 3128 quasdam
988 3069 1023 3111 ex
1034 3050 1112 3112 hono
1127 3062 1156 3114 et

187 3123 242 3168 “eN·
252 3147 354 3208 aequo,
374 3129 699 3208 plorasquesuperlluas‚
722 3132 867 3192 nonnullas
885 3151 1015 3211 severas,
1035 3130 1174 3212 primus·¹

193 3194 239 3237 ³³⁰·
254 3232 309 3292 que
321 3215 416 3275 urbem
428 3216 546 3273 nominis
563 3216 606 3273 sui
623 3213 657 3273 ud
674 3223 774 3275 tantum
790 3216 930 3294 fastigium
941 3218 1063 3278 evehere
1073 3220 1155 3279 moli·

202 3331 228 3372 p,
252 3308 297 3357 tus
313 3307 365 3374 est,
382 3306 412 3356 ut
422 3297 528 3356 Romae
540 3297 674 3357 aemulam
686 3298 802 3359 laceret.
823 3299 930 3359 bellurn
942 3301 1075 3361 adversus
1088 3301 1154 3363 Par·

149 3433 159 3445 ,
186 3399 242 3441 cu.
252 3382 316 3441 thos
327 3380 455 3457 moliens,
468 3381 515 3457 qui
527 3382 580 3440 iarn
591 3379 820 3458 Mesopotamiam
828 3383 988 3462 fatigabant,
1002 3402 1056 3446 uno
1067 3395 1095 3445 et
1106 3389 1152 3448 tri·
1168 3404 1179 3417 ·

196 3466 241 3509 ³³⁷·
251 3465 361 3542 gesimo
373 3466 582 3577 anno'imperih
604 3466 702 3526 aetatis
713 3475 800 3529 sexto.
811 3474 839 3528 et
853 3471 1049 3550 sexagesimo,
1066 3469 1151 3532 Nico·
