2362 4036
291 314 294 323 ’
405 302 764 396 erasurus·
920 333 961 397 21

55 502 162 579 gnauit.
197 499 334 562 Hannibal
349 499 450 560 multae
467 500 595 561 civitates
609 500 797 562 Romanorum
817 520 870 581 per
882 496 962 580 'Apu-

10 582 33 633 Ι
55 585 131 661 liam,
139 584 305 660 Calabriam,
319 593 349 644 et
360 585 482 644 Bruttios
495 587 654 662 occupavit,
668 603 725 667 quo
741 597 869 664 tempore
879 587 963 645 etiarn

54 688 110 730 rex
122 668 306 730 Macedoniae
319 665 464 746 Philippus
482 668 518 728 ad
531 679 596 727 cum
614 667 725 746 legatos
736 672 825 746 misit,
848 671 962 748 promit·

15 776 20 781 ·
55 753 234 814 tensaum'lia
249 760 345 811 contm
355 751 498 813 Romanos
514 752 566 811 sub
583 752 635 811 lrac
651 752 829 827 condicione,
843 761 874 811 ut
885 751 962 811 delob

53 839 95 896 tis
105 836 239 896 Romanis
251 837 315 912 ipse
329 850 443 914 quoquc
457 843 554 894 uonna
567 833 692 895 Graecos
703 835 739 896 ab
750 833 902 894 Hannibale
914 853 962 894 au·

54 919 126 980 xilla
145 921 298 997 acciperet.
335 917 432 996 Captis
450 921 535 995 igitur
552 918 654 996 legatis
668 918 790 995 Philippi
814 926 841 976 et
862 935 895 976 re
913 931 962 975 co·

22 1062 25 1067 .
55 1005 137 1079 gnita
157 1002 273 1061 Romani
291 1003 319 1061 in
333 1000 526 1061 Macedoniam
541 1000 580 1062 ll.
595 999 737 1062 Valerium
748 1001 898 1061 Laeuinum
920 1001 962 1058 ire

10 1156 14 1161 Ι
55 1087 209 1161 iusserunt,
222 1086 249 1144 iu
265 1085 417 1146 Sardiniam
432 1083 465 1143 T.
475 1083 607 1144 llanlium
618 1084 788 1164 Torquatum
807 1099 962 1162 proconsu-

56 1167 123 1228 lem.
145 1167 215 1228 Nam
230 1171 314 1228 ctiam
332 1186 366 1228 ea
381 1167 530 1228 sollicitata
543 1169 577 1228 ab
589 1168 742 1247 Hannibale
757 1167 901 1228 Romanos
912 1165 961 1225 de·

57 1260 196 1312 floruerat.
987 1293 990 1297 .

121 1335 208 1396 Har.
220 1332 299 1394 Xlll.
322 1332 364 1394 lta
380 1351 436 1393 uno
451 1343 580 1411 tempore
599 1343 718 1414 quatuor
732 1333 805 1393 locis
820 1332 962 1412 pugnaba·
1066 1346 1077 1379 '=

19 1482 22 1487 ,
56 1427 117 1479 tur:
138 1420 167 1478 in
181 1417 261 1477 ltalia
277 1426 374 1476 contra
384 1416 580 1490 Hannibalem,
599 1419 628 1474 in
638 1417 780 1492 Hispaniis
796 1425 893 1476 contra
908 1415 963 1474 ira·

10 1508 12 1513 '
55 1510 131 1561 trem
152 1503 214 1559 eius
224 1498 442 1572 Hasdrubalem,
465 1500 493 1556 in
505 1497 670 1557 Macedonia
684 1505 780 1556 contra
794 1496 963 1575 Philippum,

10 1592 12 1597 '
57 1587 88 1644 in
102 1581 229 1642 Sardinia
240 1590 337 1640 contra
349 1580 453 1640 Sardos
468 1589 497 1640 et
507 1580 624 1641 alterum
635 1580 836 1640 Hasdrubalem
849 1578 964 1639 Cartha·

10 1674 12 1679 '
59 1669 226 1746 giniensena
255 1662 284 1724 le
299 1663 359 1724 al'.
380 1663 483 1724 lilanlio
495 1664 682 1743 proconsule,
702 1665 751 1742 qui
764 1665 798 1725 ad
809 1662 965 1724 Sardiniam

10 1760 12 1827 j
59 1752 163 1810 missus
178 1749 284 1824 luerat,
303 1751 385 1808 uivus
399 1757 444 1808 est
457 1758 566 1827 captus,
588 1751 685 1808 occisa
696 1766 759 1807 cum
772 1767 807 1808 eo
820 1768 860 1808 un
876 1745 962 1822 milia,

10 1872 32 1917 J
60 1835 136 1911 capti
146 1833 213 1891 mila
224 1833 379 1910 quingenti,
393 1841 448 1892 eta
459 1832 593 1892 Romanis
605 1831 732 1891 Sardinia
743 1833 868 1892 subacta.
887 1828 964 1888 llan-

10 1922 21 1983 Ι
60 1915 115 1974 lius
130 1916 223 1973 victor
244 1918 372 1992 captiuos
394 1923 422 1973 et
444 1914 645 1975 Hasdrubalem
662 1915 781 1972 Romam
799 1914 974 1993 reportavit,

10 2010 17 2019 “
60 1997 172 2058 Interea
189 1999 271 2056 etiam
284 1997 429 2074 Philippos
447 1996 598 2056 aLaeuino
615 1997 643 2052 in
653 1993 819 2055 Macedonia
832 1998 964 2070 vincitur,

10 2126 15 2131 -
35 2084 38 2089 '
61 2083 133 2142 etin
149 2079 283 2159 Hispania
300 2099 317 2140 a
332 2079 515 2157 Scipionibus
532 2073 687 2138 Hasdrubal
703 2083 732 2134 et
742 2074 843 2152 Hago,
865 2077 965 2135 tertius

12 2172 16 2177 '
62 2165 153 2232 frater
163 2163 335 2222 Hannibalis.

125 2247 212 2306 Sar.
227 2243 303 2304 xlv.
321 2242 428 2324 (vni.)
450 2243 569 2303 Decimo
581 2259 652 2302 anno
664 2250 746 2320 post,
772 2259 855 2320 quam
865 2239 967 2300 Hanni·
977 2254 1034 2298 au.

60 2331 106 2393 bal
121 2333 149 2390 in
159 2327 265 2389 ltaliam
277 2337 406 2405 venerat,
426 2327 456 2386 P.
469 2326 607 2404 Sulpicio,
620 2324 672 2387 Gn.
685 2324 786 2386 Fulvio
801 2341 877 2385 coss.
893 2321 1019 2383 Han-⁶⁴¹·

60 2412 136 2474 nibal
157 2431 248 2492 usque
267 2411 301 2471 ad
319 2421 444 2491 quartum
454 2411 600 2470 miliarium
614 2409 835 2484 urbisaccessit,
856 2407 969 2484 equites
1095 2456 1102 2470 ,

62 2500 124 2556 eius
136 2495 272 2575 usquead
285 2506 401 2574 portam.
431 2495 499 2555 Mon
510 2491 658 2553 consulum
675 2502 751 2552 metu
764 2511 827 2551 cum
842 2490 970 2549 exercitu

60 2582 221 2641 venientum
233 2579 367 2639 Hannibal
379 2577 414 2638 ad
430 2577 609 2654 Campaniam
623 2593 655 2635 se
666 2578 787 2653 recepit.
820 2572 852 2632 ln
866 2573 966 2649 Hispa·

61 2667 107 2723 nia
118 2681 134 2722 a
145 2663 230 2722 fratre
242 2665 302 2721 aius
313 2660 487 2720 Hasdrubale
499 2660 581 2719 ambo
593 2659 754 2736 Scipiones,
774 2660 822 2734 qui
836 2674 887 2734 per
896 2654 966 2714 mul·

61 2755 108 2806 tos
119 2763 206 2806 annos
218 2747 344 2803 victores
356 2744 476 2818 luerant,
494 2743 704 2817 interficiuntur,
718 2743 860 2799 exercitus
875 2748 968 2798 tamen

61 2832 174 2904 integer
184 2829 292 2886 mansit.
321 2824 478 2907 Casuanim
489 2828 677 2903 magiserant,
690 2826 895 2903 quamvirtutc,
918 2818 967 2880 de.-
1011 2816 1015 2825 “

63 2911 149 2989 cepti.
188 2908 252 2982 Quo
276 2918 403 2987 tempore
426 2910 510 2969 etiam
530 2927 546 2968 a
568 2909 684 2969 consule
698 2906 833 2968 Marcello
851 2904 1034 2965 Siciliaeno.

61 3011 162 3071 magna
174 3010 237 3071 pars
250 3002 331 3070 capta
343 3002 396 3070 est,
410 3011 491 3072 quarn
503 3002 600 3052 tenere
612 2990 672 3050 Alri
689 2999 852 3068 coeperant,
876 2997 905 3047 et
915 3003 965 3046 no·
980 2986 1026 3030 ⁶⁴⁰·

61 3077 216 3138 bilissimae
233 3077 310 3136 urbis
325 3076 519 3151 Syracusanae
535 3075 638 3154 praeda
657 3077 755 3152 ingens
772 3073 889 3133 Romam
904 3088 968 3149 per-

62 3161 117 3221 lata
133 3167 186 3218 est.
214 3157 351 3219 Laevinus
368 3161 397 3218 in
412 3158 577 3218 Hacedonia
599 3176 662 3216 cum
676 3156 806 3235 Philippo
829 3164 858 3214 et
874 3152 969 3212 multia

63 3243 200 3303 Graeciae
211 3242 324 3319 populis
342 3252 369 3301 et
378 3261 449 3319 rege
461 3240 546 3301 Asiae
557 3240 651 3301 Attalo
664 3241 810 3303 amicitiam
831 3237 915 3310 iecit,
940 3240 968 3291 et

20 3302 37 3336 ⁵
62 3326 97 3387 ad
115 3325 240 3386 Siciliam
259 3325 403 3401 proiectus
415 3324 577 3384 Hannonem
589 3324 742 3401 quendam,
765 3321 897 3380 dirorum
917 3314 967 3374 du·

63 3428 142 3486 cem,
164 3408 240 3487 apud
253 3408 438 3486 Agrigentum
449 3410 588 3468 ciuitatem
601 3425 662 3465 cum
679 3408 743 3484 ipso
755 3401 862 3481 oppido
878 3400 965 3476 cepit,

63 3511 183 3573 eumque
199 3493 316 3554 Romam
331 3509 395 3551 cum
411 3493 530 3569 captiuis
546 3490 688 3551 nobilibus
706 3489 791 3547 misit.
822 3503 859 3544 xc
871 3485 966 3544 civita·
