2362 4036
396 337 545 395 uraaa
572 314 635 394 xj
914 329 953 394 75

40 501 162 563 inediae
173 499 276 561 invilla
288 498 401 579 publica
413 501 491 560 obiit.
521 501 687 560 Denuntiata
698 515 773 558 mors
792 500 854 558 eius
873 499 955 557 etiam
1012 568 1016 573 Ι

10 568 36 632 Ψ
44 601 103 666 per
114 587 240 645 crinitam
246 585 366 660 stellam,
380 602 452 662 quae
463 586 609 643 inusitatae
621 581 956 661 magnitudinisaliquam-

47 670 98 730 diu
110 669 201 736 lulsit;
225 687 285 728 eam
298 667 400 727 Graeci
410 660 556 748 κομήτην
570 676 682 726 vocant.
710 665 804 744 Atque
819 667 892 726 inter
906 664 956 723 Di·
1028 734 1030 738 p

47 770 105 813 vos
119 754 219 811 meruit
231 752 341 811 referri.
541 755 545 763 '

116 833 265 895 Gamlli.
277 834 344 914 (V.)
370 834 561 893 Successores
574 833 647 893 lilios
658 842 717 892 tres
727 831 851 910 reliquit,
872 841 957 910 atque
982 842 1008 883 1’·
1116 850 1119 857 ·

17 972 25 979 .
51 938 135 996 unum
147 919 239 977 fratris
252 918 345 976 lilium.
367 916 628 976 VerumDalmatius
638 916 753 992 Caesar,
767 918 956 992 prosperrima
969 909 1026 952 Μ·

52 1001 256 1078 indoleneque
273 1009 372 1078 patruo
388 999 533 1076 absimilis,
560 1000 632 1059 haud
648 999 735 1059 multo
751 998 817 1076 po'st
836 1015 955 1076 oppres·
967 977 1014 1020 ³³³·

53 1104 100 1145 sus
113 1094 157 1143 est
168 1085 290 1144 factione
299 1084 408 1143 militari
420 1093 448 1142 et
456 1082 628 1159 Constantio,
641 1082 767 1161 patruele
776 1099 838 1157 suo,
848 1084 956 1140 sinente

53 1170 147 1249 potius
168 1186 249 1246 qaam
269 1168 392 1226 iubente.
409 1166 634 1227 .Constautinum
653 1183 739 1244 porro
760 1166 836 1225 fratri
851 1164 956 1224 bellum
980 1185 1008 1226 a.

23 1316 27 1321 ,
53 1252 220 1313 inferentem
242 1260 271 1310 et
287 1250 361 1328 apud
377 1250 535 1330 Aquileiam
553 1250 736 1310 inconsultius
752 1249 890 1327 proelium
906 1266 955 1325 ag·
968 1253 1024 1297 GN·

53 1353 183 1414 gressum
196 1333 355 1394 Constantis
374 1334 461 1394 doces
480 1337 686 1393 interemerunt.
720 1332 762 1392 lta
782 1352 829 1392 res
845 1321 1014 1409 publicam

53 1419 88 1478 ad
99 1417 327 1495 duosAugustos
338 1417 461 1476 redacta.
482 1415 641 1475 Constantis
653 1418 797 1494 imperium
816 1426 958 1474 strenuum

53 1501 223 1580 aliquamdiu
241 1510 269 1559 et
286 1503 389 1559 iustum
400 1500 461 1559 luit.
490 1499 557 1558 blox
574 1518 636 1558 curn
648 1498 844 1559 etvaletudine
856 1501 958 1575 impro-

10 1618 12 1623 ·
53 1603 139 1662 spera
151 1594 180 1644 et
191 1587 287 1643 amicis
300 1585 475 1662 pravioribus
489 1592 626 1659 uteretur,
647 1582 682 1642 ad
700 1585 796 1660 gravia
812 1584 879 1640 vitia
892 1597 959 1640 con·

53 1686 166 1743 versus,
180 1687 243 1728 oum
255 1666 437 1727 intolerabilis
451 1667 678 1746 provincialibus,
690 1666 822 1725 militibus
833 1667 959 1724 iniucun·
984 1701 1011 1744 p·

54 1751 107 1810 dus
126 1760 222 1822 esset,
244 1751 366 1811 factione
389 1750 540 1829 Magnentii
561 1754 674 1810 occisus
700 1759 752 1809 est.
791 1749 867 1809 Obiit
888 1746 1027 1814 baudana.

10 1823 39 1901 >
54 1835 143 1909 longe
153 1836 188 1892 ab
199 1834 339 1910 Hispaniis
355 1838 382 1893 in
396 1845 498 1910 castro,
516 1837 560 1892 cui
572 1834 697 1893 Helenae
708 1851 809 1893 nomen
821 1841 874 1909 est,
888 1847 958 1892 anno
970 1839 1016 1882 ³5⁰·

10 1918 14 1955 l
55 1917 166 1992 imperii
182 1915 291 1972 decimo
307 1918 441 1991 septimo,
465 1919 563 1974 aetatis
579 1919 742 1992 trigesimo,
765 1918 850 1976 rebus
868 1927 960 1976 tamen

55 1998 183 2077 plurimis
196 2006 309 2056 strenue
327 2000 353 2055 in
368 1997 464 2057 militia
476 2000 582 2074 gestis,
600 2000 792 2075 exercituique
807 2015 859 2075 per
877 2009 976 2058 omue'
1015 2057 1017 2061 ,

54 2084 131 2142 vitae
143 2090 253 2158 tempus
268 2083 328 2138 sine
339 2082 417 2157 gravi
430 2080 593 2140 crudelitate
610 2081 753 2141 terribilis.

121 2164 204 2224 (lua.
217 2163 253 2223 X.
267 2162 347 2243 (Vl.)
365 2163 484 2224 Diversa
496 2163 652 2224 constantii
664 2165 772 2224 fortuna
784 2164 845 2223 luit.
859 2163 959 2223 APer·

31 2250 97 2309 -sis
116 2249 189 2307 enim
200 2247 284 2306 multa
303 2257 331 2306 et
342 2249 437 2324 gravia
448 2265 612 2326 perpessus,
635 2265 721 2324 saepe
733 2249 822 2324 captis
835 2247 958 2325 oppidis,

58 2332 186 2392 obsessis
198 2331 324 2406 urbibus,
349 2332 440 2390 caesis
453 2332 634 2407 exercitibus,
652 2330 812 2408 nullumque
825 2332 851 2389 ei
864 2339 960 2389 contra
983 2342 1009 2386 Ρ.

58 2415 195 2492 Saporem
207 2432 374 2493 prosperum
385 2415 523 2491 proelium
538 2415 600 2490 luit,
621 2416 675 2473 nisi
687 2413 763 2492 quod
776 2413 849 2492 apud
861 2415 960 2491 Singa·
971 2410 1039 2453 ⁰·N·'

57 2517 115 2560 ram
126 2497 198 2557 haud
211 2498 320 2557 dubiam
329 2501 473 2558 victoriam
484 2498 590 2558 ferocia
602 2497 716 2556 rnilitum
726 2499 832 2573 amisit,
851 2499 897 2575 qui
909 2514 960 2574 pu·
971 2478 1017 2523 ³⁴³·

29 2580 141 2661 ‘gnam
161 2581 297 2640 seditiose
314 2591 342 2641 et
357 2582 460 2640 stolide
478 2592 573 2641 eontra
588 2584 725 2641 rationem
748 2580 814 2639 belli
840 2581 885 2640 die
906 2583 960 2639 iam
984 2617 1011 2658 p,

58 2667 204 2744 praecipiti
216 2674 418 2742 poposcerunt.
439 2663 506 2723 Post
518 2664 678 2724 Constantis
689 2680 789 2721 necem
799 2662 959 2741 Magnentio
972 2683 1027 2728 cm

56 2748 174 2823 ltaliam,
192 2748 324 2823 Africam,
341 2747 443 2807 Gallias
455 2749 598 2808 obtinente
609 2744 842 2822 etiamlllprieum
853 2764 900 2805 res
911 2762 961 2805 no·
972 2751 1018 2795 ³³⁰·

56 2851 108 2892 vas
132 2832 241 2907 habuit,
265 2831 437 2890 Vetranione
459 2831 493 2890 ad
515 2832 661 2908 imperium
684 2847 823 2889 consensu
845 2830 961 2890 militum

57 2915 162 2976 eleeto.
198 2915 288 2988 Quem
301 2915 488 2991 grandaevum
503 2917 555 2973 iam
572 2923 601 2973 et
619 2917 726 2973 eunctis
740 2914 885 2974 amabilem
903 2913 961 2974 diu·

56 3000 188 3059 turnitate
201 3007 229 3058 et
240 2999 375 3057 felicitate
387 2999 498 3057 militiae
514 2998 548 3057 ad
559 2997 690 3057 tuendum
701 2996 842 3073 illyricum
860 2999 960 3076 prinei·

56 3099 125 3162 pem
140 3091 317 3157 creaverunt,
341 3084 428 3140 virum
444 3083 561 3160 probum
573 3091 601 3141 et
616 3097 723 3140 morum
733 3092 859 3142 veterum
874 3100 907 3140 ac
921 3083 961 3140 iu·

15 3190 18 3195 ·
57 3163 167 3225 eundae
181 3165 331 3241 civilitatis,
347 3166 397 3224 sed
411 3168 530 3224 omnium
541 3164 697 3224 liberalium
706 3167 805 3224 artium
817 3173 961 3242 expertem

11 3275 40 3336 >
57 3248 142 3323 adeo,
161 3257 190 3307 ut
201 3268 235 3307 ne
248 3249 384 3309 elementa
400 3249 511 3327 quidem
523 3252 609 3327 prima
626 3247 776 3325 literarum,
793 3250 846 3308 nisi
861 3246 960 3326 grand·

57 3350 146 3395 sevus
158 3340 187 3391 et
198 3334 250 3390 iam
263 3335 422 3409 imperator,
436 3335 588 3410 acceperit.

122 3416 211 3476 Car.
222 3414 272 3474 xi.
301 3416 357 3474 Sed
375 3435 390 3476 a
407 3416 584 3491 Constantio,
608 3416 656 3493 qui
669 3414 705 3474 ad
717 3414 852 3473 altionem
864 3413 959 3474 irater·

58 3515 113 3560 nae
129 3501 208 3560 necis
225 3498 328 3559 bellum
345 3499 429 3560 civile
445 3508 648 3575 commoverat,
671 3497 834 3577 abrogatum
849 3506 893 3558 est
904 3496 959 3557 Ve-
