2362 4036
994 248 1013 291 v
1085 267 1089 278 ι

317 374 321 379 ,
627 350 636 375 Ι
847 362 849 378 ι

111 399 258 473 Ἰιεὼοπιιιε,
274 412 330 456 non
344 393 486 455 incondite
497 397 632 472 scriptum
643 405 697 471 eet,
716 404 745 456 et
757 397 918 476 perspicue,
937 397 1012 456 utti-
1094 448 1097 452 .

112 516 211 557 nonum
221 497 346 557 manibus
358 499 464 556 versari
480 497 585 574 possit,
611 504 773 574 excerptum
787 517 823 558 en
839 498 1010 572 auctoribus,

112 616 187 676 quos
205 597 334 657 conferre
348 595 432 673 licet,
452 604 480 655 et
496 597 543 676 qui
559 597 713 673 perierunt}
735 597 806 658 unde
818 598 936 659 subinde
950 616 1010 657 nar·
1086 663 1088 671 ,

112 707 164 774 ret,
189 696 337 777 dequibus
349 697 395 756 alli
410 705 503 757 tacent
516 695 562 756 vel
577 693 686 755 diversa
698 691 888 777 prodiderunt.
916 695 1029 771 Insunt,

112 796 249 876 quaedam
260 798 403 874 vergentis
415 797 532 873 aetatis,
548 794 663 855 ferenda
674 796 768 873 potius
781 806 863 874 quam
873 796 1011 856 imitanda.

111 897 145 957 ln
161 899 239 957 aunis
255 898 293 957 ita
309 898 400 958 omnia
413 897 520 966 turbata
532 902 610 973 sunt,
630 905 659 955 ut
669 883 796 972 nescies,
813 897 959 974 scriptoris
970 896 1011 953 vi·

111 999 180 1057 tium
195 998 232 1057 sit
246 1016 281 1057 an
293 988 484 1076 librariorum,
510 1004 538 1056 et
551 982 650 1057 severa
666 998 748 1057 etiam
764 995 874 1055 medela
889 997 936 1054 vix
947 994 1010 1055 sut:

111 1099 200 1158 renlri
224 1099 325 1176 possit.
358 1094 448 1174 lgitur
462 1096 564 1159 idoneo
578 1097 723 1176 interpreti
742 1084 793 1156 sua
814 1113 879 1174 pars
899 1111 1015 1172 semper

110 1198 294 1277 relinquenda
305 1207 349 1259 cst
358 1197 393 1258 ab
405 1174 522 1276 editore,
536 1216 620 1277 quum
630 1199 673 1258 vir
682 1197 769 1258 rebus
779 1196 1012 1273 necessariisqu-

109 1290 171 1357 rum
185 1299 305 1358 imbutus
323 1298 407 1378 longa
424 1301 506 1359 etiam
520 1300 692 1358 institutione
703 1299 743 1357 uti
753 1305 888 1374 nequeat,
911 1295 1010 1373 dignus

112 1412 165 1456 suo
178 1416 293 1458 munere
305 1398 378 1458 duce
391 1398 580 1476 supersedere
591 1399 698 1474 possit,
721 1395 868 1474 malitque,
885 1386 915 1454 dt
933 1397 1010 1472 inge·

111 1497 159 1554 nio
175 1511 229 1553 suo
240 1495 404 1557 etdoetrine
416 1498 484 1558 satis
499 1497 632 1558 confisus
663 1495 772 1568 Graece
789 1495 903 1573 saepius
919 1491 1010 1553 reddi-

111 1604 168 1655 tum
188 1612 254 1655 esse
270 1593 449 1673 Eutropium,
472 1594 518 1654 vel
535 1614 571 1656 ex
591 1574 747 1677 temporum
766 1595 934 1674 imperiique
952 1584 1010 1652 110ss

110 1697 181 1755 mani
203 1694 383 1771 condicione,
407 1713 478 1774 quae
495 1704 560 1757 tunc
581 1698 649 1774 fuit,
670 1696 838 1757 conieceris.
872 1693 1011 1770 Superest

109 1794 220 1856 Paeonii
243 1795 350 1856 Graeca
373 1797 580 1874 interpretatio,
613 1796 730 1857 liberior
750 1793 863 1874 quidem
885 1801 915 1851 et
938 1809 1010 1870 quae

110 1913 199 1974 saepe
214 1895 249 1955 ad
264 1896 405 1954 diversum
422 1895 581 1973 exemplum
592 1896 667 1956 facta
681 1896 823 1970 videatur,
847 1892 899 1952 sed
916 1891 951 1952 ad
968 1893 1026 1951 iu·‘

110 1994 211 2055 dicium
225 1994 259 2054 de
274 1991 392 2071 singulis
405 1991 478 2050 locis
497 1992 642 2053 ferendum
658 1994 792 2054 maximae
810 1991 870 2050 iere
889 1993 1008 2052 auctori·

108 2098 190 2171 tatis,
211 2093 377 2172 praesertim
395 2106 479 2171 quum
498 2093 546 2150 vix
566 2095 682 2157 serioris
701 2094 765 2171 ipso
782 2089 855 2149 libro
874 2091 911 2148 sit
925 2091 1010 2166 origi-

109 2196 163 2253 nis.
197 2192 252 2265 Qui
269 2208 379 2251 omnem
391 2190 534 2250 historiam
549 2192 577 2252 in
588 2191 782 2273 compendium
798 2187 930 2267 redigere
943 2205 1009 2248 eoe-

108 2301 222 2373 perant,
248 2306 314 2351 mox
331 2291 455 2367 insertis,
478 2308 550 2369 quae
565 2312 635 2354 suae
651 2295 734 2355 aetati
747 2292 837 2370 magis
853 2289 1007 2367 placerent,

108 2393 254 2472 sequentis
269 2392 351 2450 etiam
365 2393 499 2469 temporis
511 2391 643 2454 historias
657 2402 842 2454 attenuemut.
866 2391 936 2453 lude
949 2402 1008 2454 tan-

108 2493 173 2555 dem
185 2501 245 2553 orta
263 2500 306 2551 est
316 2491 433 2551 historia
442 2490 584 2571 miscella,
606 2511 679 2572 quae
693 2509 767 2553 nono
783 2491 882 2554 seculo
895 2512 911 2554 a
922 2492 1007 2553 Paulo

73 2604 81 2613 ’
106 2594 234 2654 Diacono
255 2590 415 2671 talibusque
438 2591 572 2669 deinceps
592 2594 661 2652 viris
681 2593 811 2654 coniecta
832 2592 877 2653 diu
896 2593 1008 2654 oracula
1071 2652 1076 2658 .

108 2692 193 2752 edidit
214 2690 250 2751 de
272 2689 386 2751 historia
401 2690 535 2766 Romana,
561 2691 652 2751 donec
672 2692 829 2753 restitutum
840 2712 902 2754 cum
919 2695 1008 2752 omnis

109 2791 270 2851 eruditionis
283 2789 347 2849 luce
359 2789 393 2850 de
410 2793 574 2869 antiquitate
588 2792 719 2852 iudicium
734 2797 853 2871 genuina
869 2814 886 2855 a
904 2794 1007 2873 spuriis

110 2891 388 2969 dispesceredldicit.
420 2889 519 2970 ltaque
535 2900 601 2969 post
617 2893 719 2970 primas
731 2891 885 2972 editiones,
905 2893 1006 2955 Roma·
1072 2952 1076 2957 .

107 3009 171 3051 nam
186 3011 211 3052 a.
228 2989 336 3070 1471,
357 2990 495 3069 Venetas,
514 2988 703 3070 Parisienses,
724 2991 911 3071 Florentium,
928 2993 1005 3054 Basi-

107 3093 236 3168 leeoses,
261 3087 335 3171 quas'
351 3092 397 3152 hio
414 3109 565 3153 recensere
579 3110 636 3153 non
651 3093 761 3171 attinet,
786 3095 937 3172 exstitere,
958 3088 1006 3173 qui

108 3191 269 3271 prudentius
287 3194 316 3252 in
332 3207 368 3251 eo
388 3195 503 3271 negotio
521 3192 704 3272 elaborarent,
724 3194 911 3256 Sclronlrolius
927 3192 1004 3254 Basi-

106 3290 170 3367 lcqe
180 3308 206 3350 a.
220 3287 322 3366 1546,
336 3290 414 3351 Elias
423 3293 539 3353 Vinetus
552 3291 666 3353 Pictavii
678 3311 703 3353 a.
717 3292 819 3370 1553,
838 3294 1004 3371 Sylburgius

105 3389 279 3457 Francoiurti
292 3409 317 3451 a.
326 3388 428 3469 1588,
441 3389 540 3453 Paulus
546 3391 652 3454 Merula
659 3391 783 3474 Lugduni
789 3392 849 3455 Bat.
865 3412 890 3455 a.
899 3392 1003 3467 1592„
