2362 4036
174 313 216 380 ta
383 282 438 337 Ὺ
524 284 762 376 aureoru

174 478 215 533 17.
233 483 348 531 Iovianus
357 480 489 544 posthunc
500 482 632 544 irruperator
644 481 746 539 electus,
764 494 814 528 uno
827 486 901 541 atque
913 479 992 527 altero
1004 494 1077 543 pruc-

172 552 205 600 lio
227 565 242 599 a
262 550 344 599 Persis
362 550 442 598 victus
460 550 595 615 ignobilem
612 565 667 598 curn
682 548 722 598 bis
738 563 824 612 pacem
849 547 917 598 facit.
952 547 1075 616 lllpieruu

171 626 258 683 petens
281 619 409 682 repentina
431 624 509 666 morte
532 618 598 677 obit,
622 619 691 665 errius
710 618 794 664 uariae
810 617 940 664 traduntur
959 631 1074 664 caussae.

171 686 272 735 Maioris
296 687 378 750 operis
395 685 426 734 de
448 687 712 735 successorum-rebus
730 687 808 750 gestis
827 685 962 750 promissio
981 687 1006 733 in
1028 686 1074 732 linc

171 755 317 803 annectitur.

233 823 317 882 Car.
335 819 357 880 1.
381 820 431 880 His
446 823 530 899 igitur
546 820 709 882 abeuntibus
726 820 761 880 ab
774 820 1016 890 ¹administratione
1033 822 1073 878 rei
1106 841 1113 859 r

120 919 148 960 r.
172 905 302 984 publicae
315 903 493 966 Constantius
509 914 538 964 et
549 903 677 965 Galerius
692 905 811 982 Augusti
830 906 916 965 creati
928 913 991 962 sunt
1006 902 1071 962 divi·

105 987 367 1067 c·1l·sust1ueinter
384 1005 435 1047 eos
453 990 491 1047 ita
509 988 649 1048 Romanus
662 989 755 1065 orbis,
775 996 804 1047 ut
816 985 941 1064 Galliam,
955 986 1069 1061 ltaliam,
1098 1044 1101 1053 ,

111 1055 156 1101 ³⁰⁸·
170 1072 292 1132 Africam
306 1070 501 1146 Constantius,
521 1070 676 1149 Illyricum,
695 1071 807 1147 Asiam,
830 1070 973 1130 Orientem
993 1069 1071 1129 Cale·

170 1159 228 1216 rius
246 1157 401 1229 obtineret,
422 1157 539 1237 sumptis
556 1155 665 1215 duobus
684 1154 861 1215 Caesaribus.
895 1152 1071 1214 Constantius

170 1248 261 1299 tamen
285 1246 431 1296 contentus
447 1235 579 1314 dignitate
601 1239 720 1317 Augusti
743 1237 839 1306 ltaliae
860 1247 944 1316 atque
959 1237 1071 1296 Africae

171 1320 403 1380 administrandae
423 1320 629 1383 solicitudinem
649 1324 806 1400 recusavit,
837 1324 880 1381 vir
895 1323 1029 1398 egregius
1047 1329 1072 1380 et

170 1405 426 1482 praestantissimae
439 1404 590 1482 civilitatis,
603 1407 705 1467 divitiis
716 1404 926 1486 prouincIalium
937 1422 970 1464 ao
983 1406 1073 1481 priva·

170 1497 262 1548 torum
274 1487 398 1564 studens,
414 1491 475 1548 lisci
488 1490 631 1550 commoda
642 1507 698 1550 non
709 1489 855 1549 admodum
867 1488 1015 1562 allevians,
1034 1487 1073 1546 di-

170 1589 308 1649 censque,
321 1573 427 1634 melius
434 1574 577 1654 publicos
590 1593 664 1651 opes
677 1594 697 1634 o
709 1575 841 1652 privatis
853 1573 1074 1648 laudemauro

169 1657 253 1716 iutro
261 1674 351 1714 uastae
364 1657 529 1729 claustrum
543 1659 709 1731 reservari,
721 1656 793 1715 adeo
805 1664 897 1713 autem
911 1654 1003 1713 cultus
1014 1671 1073 1712 mo·

171 1737 237 1814 diei,
261 1747 291 1796 ut
301 1738 406 1796 seriatis
418 1735 528 1811 diebus,
547 1738 571 1796 si
583 1735 644 1795 edm
660 1740 756 1796 amicis
770 1736 1009 1795 numerosioribus
1027 1755 1074 1794 es·
1105 1756 1108 1761 “

171 1831 216 1880 set
232 1820 413 1898 epulandum,
436 1821 606 1896 privatorum
618 1823 645 1879 ei
656 1829 772 1899 argento
784 1821 904 1878 ostiatim
916 1820 1006 1896 petito
1024 1822 1074 1878 tri·

171 1904 254 1966 olinia
268 1912 465 1964 sternerentur.
486 1901 540 1962 llic
551 1921 606 1961 non
617 1903 699 1963 modo
715 1903 854 1976 amabilis,
865 1901 916 1962 sed
928 1904 1012 1960 etiam
1023 1919 1074 1962 ve·

171 1987 308 2048 nerabilis
328 1984 415 2046 Gallis
438 1987 499 2062 luit,
524 1988 679 2064 praecipue
694 1984 769 2064 quod
785 1983 954 2045 Diocletiani
972 2003 1074 2063 suspe-

171 2080 242 2130 ctam
255 2070 428 2148 prudentiam
450 2078 477 2128 et
494 2069 650 2149 Maximiani
671 2070 872 2146 sanguinariam
890 2070 1075 2128 temeritatem

119 2173 146 2222 p,
169 2154 362 2232 imperiosius
377 2162 531 2218 evaserant,
558 2152 634 2213 Obiit
645 2157 671 2213 in
682 2153 820 2212 Britannia
835 2151 956 2212 Eboraci
972 2153 1075 2229 princi·

102 2247 159 2290 CN·
172 2247 253 2316 patus
265 2254 335 2297 anno
347 2239 429 2296 tertio
442 2234 551 2295 decimo
564 2246 648 2316 atque
660 2241 731 2296 inter
740 2236 830 2295 Divos
840 2236 944 2295 relatus
956 2244 1008 2294 est.

64 2318 69 2325 ’
112 2315 175 2373 ΝΝκ
235 2321 321 2381 Car.
334 2318 370 2381 ll.
384 2314 520 2393 Galerius,
532 2321 575 2378 vir
586 2329 614 2377 et
625 2321 714 2396 probe
725 2329 848 2380 moratus
860 2328 888 2379 et
901 2320 1034 2396 egregius
1047 2321 1075 2378 in

119 2406 146 2448 P·
171 2422 202 2463 re
212 2403 334 2479 militari,
346 2399 524 2480 cumlltaliam
534 2418 648 2476 quoque
661 2405 770 2460 sinente
782 2401 944 2484 Constantio
960 2402 1074 2461 admini-

104 2474 161 2517 ⁰·N·
172 2489 297 2546 strationi
312 2502 379 2546 suae
395 2485 554 2542 accessisse
565 2483 697 2558 sentiret,
716 2481 854 2542 Caesares
872 2484 943 2543 duos
956 2488 1072 2562 creavit,

113 2544 158 2653 Nssf‘
170 2568 358 2644 Maximinum,
377 2584 459 2645 quem
472 2565 578 2626 Orienti
590 2566 740 2644 praefecit,
751 2576 779 2625 et
790 2567 941 2644 Severum,
964 2571 1009 2628 cui
1019 2569 1073 2629 lta·

103 2679 160 2722 cp,
171 2652 234 2713 liam
247 2653 331 2714 dedit.
359 2649 426 2729 lpse
438 2651 465 2709 in
476 2648 588 2725 illyrico
603 2659 788 2710 commoratus
804 2659 857 2711 est.
882 2646 985 2712 Verum
998 2651 1074 2712 Con-

111 2738 273 2796 sustantia
294 2731 403 2795 mortuo
427 2732 636 2810 Constantinus,
666 2753 701 2794 ex
720 2735 876 2795 obscuriori
897 2738 1074 2796 matrimonio

171 2821 232 2878 eius
245 2819 327 2895 filius,
348 2819 375 2876 iu
392 2816 531 2877 Britannia
545 2827 653 2877 creatus
670 2828 714 2878 est
730 2820 881 2896 imperator
897 2828 924 2879 et
940 2821 967 2879 in
979 2819 1085 2895 locum⁴

169 2904 257 2980 patris
268 2902 495 2978 exoptatissimus
506 2902 666 2961 moderator
683 2905 813 2964 accessit.
845 2903 952 2962 Romae
964 2905 1072 2972 interea

170 2985 338 3062 praetoriani
356 2987 476 3044 excitato
497 2986 612 3045 tumultu
628 2985 812 3063 Maxentium,
831 2986 955 3045 Herculii
974 2986 1071 3063 filium,

118 3089 145 3130 r.
170 3067 217 3146 qui
236 3066 309 3126 haud
327 3069 427 3144 procul
444 3069 478 3128 ab
490 3070 559 3129 urbe
573 3071 601 3129 in
615 3069 680 3129 villa
695 3069 808 3148 publica
822 3069 994 3146 morabatur,
1013 3069 1070 3129 Au·

103 3157 160 3199 ⁰·N·
170 3159 280 3230 gustum
294 3162 529 3229 nuncupaverunt.
552 3153 615 3227 Quo
626 3155 721 3214 nuntio
731 3151 911 3213 Maximianus
923 3153 1071 3214 Herculius

110 3224 156 3267 ³⁰⁰·
170 3235 205 3295 ad
217 3252 297 3312 spem
311 3244 435 3295 arrectus
446 3235 604 3296 resumendi
616 3237 738 3314 lastigii,
760 3235 835 3315 quod
851 3238 952 3297 invitus
969 3239 1070 3297 amise-

170 3329 222 3395 rat,
233 3318 349 3379 Romam
361 3318 501 3379 advolavit
512 3319 663 3396 ebucania,
679 3338 760 3399 quam
772 3319 868 3379 sedem
877 3323 1000 3397 privatus
1012 3321 1069 3380 ele»

170 3411 259 3478 gerat,
277 3403 305 3463 in
316 3405 391 3481 agris
403 3403 606 3464 amoenissimis
619 3421 837 3480 consenescens,
852 3403 1068 3464 Diocletianum-

171 3501 227 3562 que
241 3486 324 3547 etiam
335 3504 387 3566 per
396 3488 490 3548 literas
501 3487 660 3548 adhortatus
672 3495 726 3565 est,
739 3495 769 3548 ut
780 3487 936 3566 depositam
946 3506 1069 3549 resume·
