2362 4036
168 340 210 404 34
513 348 733 406 adracen

167 509 271 587 picium
284 505 435 572 dimicarit.
466 507 573 570 Primus
585 509 683 569 urbem
695 511 811 570 Romam
827 519 951 571 anmatos
967 511 1073 590 ingres·

167 599 286 666 tuaest,
311 590 467 668 Sulpicium
485 593 641 668 interfecit,
664 592 780 654 Marium
799 594 920 672 fugavit,
939 599 1075 674 amueitn
1108 615 1111 619 ·

100 707 156 752 uu.
166 673 330 735 consulibus
346 674 480 736 ordinatis
501 679 529 737 in
549 676 668 734 loturum
685 694 786 736 annum
797 676 846 739 Gn.
860 676 985 752 Octauio
1003 679 1074 741 eth.

106 775 152 819 cos.
167 756 768 837 GomeliocinnaadAsiamproiectusest.
1007 832 1027 848 ·

113 862 120 875 ‘
229 841 316 905 Car.
330 843 363 908 V.
394 842 566 904 Mithridates
585 844 674 917 euim,
694 844 741 920 qui
753 840 833 903 Ponti
849 853 977 909 rexerat
990 853 1075 924 atque

164 925 323 986 Armeniam
335 929 470 986 minorem
481 935 510 985 et
520 924 755 986 totumPonticum
762 943 839 985 mare
847 928 875 985 in
884 928 1076 989 circuitueum

165 1008 295 1087 Bosporo
311 1009 439 1082 tenebat,
463 1011 552 1086 primo
565 1007 748 1091 Nicomeden,
768 1011 886 1068 amicum
901 1011 1003 1089 populi
1017 1011 1075 1072 lio-

166 1096 249 1168 munl,
262 1092 389 1168 Bithynia
402 1091 491 1150 uoluit
502 1090 658 1169 expellere,
672 1093 837 1170 senatuique
848 1094 1000 1170 mandavit,
1013 1094 1075 1156 bel·

166 1175 223 1235 lum
235 1194 267 1234 se
278 1175 304 1233 ci
317 1183 433 1251 propter
444 1176 570 1247 iniurias,
591 1191 660 1250 quas
679 1192 780 1251 passus
797 1176 904 1252 fuerat,
922 1176 1073 1239 illaturum

157 1256 190 1316 ·A
202 1265 299 1316 senatu
310 1273 477 1332 responsum
489 1266 533 1315 est
540 1255 700 1332 Mithridati,
713 1261 738 1315 si
750 1258 778 1316 id
789 1259 907 1335 iaceret,
921 1261 1001 1339 quod
1012 1260 1076 1322 hel·

71 1400 77 1411 x
165 1339 221 1398 lum
231 1357 247 1398 a
259 1337 391 1397 Romanis
410 1348 438 1397 et
454 1340 517 1414 ipse
533 1348 683 1415 pateretur.
712 1339 805 1412 Quare
822 1343 908 1401 iratus
921 1343 1076 1422 Cappado-

166 1423 237 1482 ciam
256 1423 346 1481 statim
361 1422 512 1499 occupavit
531 1432 613 1482 etex
632 1442 666 1482 ea
679 1422 905 1501 Ariobarzanen,
928 1444 1032 1507 regem
1047 1437 1078 1488 'et
1097 1496 1100 1501 ⁴

161 1505 1077 1672 thtttldtdldtlilaldithlitiidhldttht

164 1672 292 1745 Romani,
306 1670 474 1746 Pylaemene
487 1683 515 1732 et
526 1672 690 1734 Nicomede.
716 1672 784 1731 lude
794 1673 938 1750 Ephesum
951 1686 1076 1737 conten·

164 1753 203 1812 dit
222 1762 251 1811 et
267 1771 319 1830 per
338 1770 447 1814 omnem
459 1755 554 1815 Asiam
569 1756 664 1815 literas
675 1756 764 1830 misit,
783 1764 828 1831 nt,
848 1755 1011 1834 ubicunqne
1030 1761 1074 1819 in·

162 1838 238 1899 venti
257 1847 353 1898 essent
364 1842 441 1901 cives
456 1840 583 1912 Romani,
595 1834 650 1896 udo
663 1836 708 1896 die
723 1837 928 1897 occiderentur.

226 1923 309 1984 (lan.
332 1922 381 1983 Vl.
406 1924 514 2003 Interea
527 1925 609 1982 etiam
619 1920 757 1996 Athenae,
770 1922 869 1981 civitas
881 1920 1018 1999 Achaiae,
1033 1926 1072 1984 ⁴alr

35 2062 39 2067 .
161 2003 304 2067 Aristione
323 2007 487 2069 Atheniensi
504 2005 653 2067 Mithridati
670 2004 768 2064 tradita
780 2014 833 2064 est.
862 2004 979 2064 Miserat
994 2009 1070 2067 euim
1109 2056 1111 2079 ,

162 2092 216 2150 iam
227 2091 262 2152 ad
270 2090 403 2152 Achaiam
414 2091 587 2152 Mithridates
596 2088 774 2163 Archelaum,
788 2088 888 2148 ducem
900 2106 992 2165 snum,
1007 2089 1070 2150 cum

163 2184 273 2235 centum
289 2185 318 2234 et
332 2177 430 2252 uiginti
447 2173 558 2232 milibus
571 2175 695 2250 equitum
710 2190 743 2231 ac
759 2166 899 2249 peditum,
920 2189 1068 2251 perquem

163 2261 246 2317 etiam
262 2259 369 2333 reliqua
385 2254 502 2315 Graecia
521 2265 659 2332 occupata
671 2254 730 2314 ‘est
764 2255 844 2334 (lv.)
865 2255 942 2315 Sulla
960 2255 1068 2316 Arche·

162 2340 235 2397 laum
250 2338 323 2413 apud
330 2336 466 2408 Piraeum,
479 2352 535 2394 uon
547 2336 815 2412 longaahAthenis,
829 2338 951 2412 obsedit,
964 2341 1067 2417 ipsam·

162 2438 217 2496 que
229 2420 326 2476 urbem
337 2420 422 2493 cepit.
453 2417 554 2476 Postea
567 2420 716 2477 commisso
730 2418 840 2495 proelio
853 2430 949 2480 contra
960 2415 1067 2482 Arche·

161 2502 234 2560 laum
245 2503 282 2559 ita
294 2518 357 2558 eum
368 2502 450 2573 vicit,
470 2510 500 2559 ut
511 2519 546 2559 err
559 2519 614 2561 eux
624 2500 735 2560 milibus
750 2503 797 2561 vix
814 2503 913 2562 decem
924 2503 1067 2565 Archelao

62 2617 69 2634 ·
162 2592 354 2662 suumressent,
370 2590 407 2644 'ex
419 2585 514 2644 Sullae
526 2586 651 2645 exercitu
662 2604 711 2645 xru
723 2594 825 2645 tantum
837 2586 965 2648 homines
982 2591 1067 2649 inter·

162 2669 320 2728 licerentur.
347 2668 406 2728 llac
423 2687 515 2746 pugna
528 2668 703 2728 Mithridates
719 2672 832 2747 cognita
855 2691 909 2731 auu
930 2672 1006 2733 milla
1026 2673 1066 2732 le·

162 2754 285 2812 ctissima
298 2771 333 2811 ex
345 2752 411 2812 Asia
421 2752 559 2813 Archelao
571 2754 656 2826 misit,
673 2763 770 2813 contra
782 2772 865 2832 quem
877 2754 954 2815 Sulla
966 2757 1066 2816 iterum

162 2838 309 2895 commisit.
338 2834 429 2894 Primo
442 2836 552 2914 proelio
563 2855 601 2894 xv
611 2835 685 2895 milia
697 2837 817 2897 hostium
832 2839 979 2899 interfecta
991 2849 1065 2912 sunt,

161 2917 292 2996 filiusque
303 2916 434 2978 Archelai
448 2920 601 2998 lliogenes.
634 2920 764 2979 Secundo
783 2936 880 2980 omnes
899 2921 1067 2984 Mithridatis

161 3002 262 3077 copiae
280 3004 436 3068 exstinctae
457 3012 540 3079 suut,
561 3001 717 3063 Archelaus
738 3005 802 3081 ipse
823 3005 914 3064 triduo
930 3005 1022 3066 nudus
1039 3009 1066 3067 in
1098 3044 1100 3051 ·

160 3083 309 3160 paludibus
327 3084 414 3148 latuit.
442 3085 502 3146 llac
516 3104 547 3146 re
564 3085 656 3145 audita
668 3085 841 3147 Mithridates
859 3106 922 3148 oum
933 3089 1012 3150 Sulla
1030 3090 1066 3152 de

149 3185 232 3246 ‘pace
244 3171 290 3246 agi
301 3169 392 3227 iussit.

229 3252 316 3312 (iar.
328 3248 391 3314 Vll.
414 3250 528 3313 luterim
538 3270 574 3313 eo
585 3262 713 3331 tempore
725 3253 802 3314 Sulla
813 3256 896 3315 etiam
907 3256 1063 3333 Dardanos,

164 3335 348 3413 Scordiscos,
367 3334 508 3397 Dalmatas
530 3346 560 3397 et
580 3335 696 3397 Maedos
719 3340 817 3416 partim
835 3341 918 3416 vicit,
943 3341 1016 3400 alios
1037 3343 1065 3401 in

163 3418 245 3478 iidem
256 3423 378 3499 accepit.
408 3420 465 3480 Sed
477 3439 540 3480 cum
551 3420 637 3498 legati
649 3439 664 3481 a
675 3439 745 3499 rege
757 3420 930 3500 Mithridate,
955 3427 1002 3503 qui
1017 3442 1065 3504 pa·

97 3540 100 3547 .
164 3505 385 3583 cern-petebant,
402 3504 1066 3587 venisseut,moralitersedaturumSnllaesse
