2348 4080
373 299 376 303 ’
450 308 491 363 bl
501 306 522 363 B
533 302 553 363 t
565 306 588 362 ll
599 308 670 365 'lllll
971 307 1012 370 55

100 473 144 531 tis
162 471 371 549 septuagesimo
386 478 415 530 et
426 470 514 530 altero
529 488 616 548 mnu,
640 481 725 552 atque
744 473 817 533 inter
829 471 919 534 Divos
939 474 1011 536 rela-

79 556 153 616 'tus
176 564 229 614 est.
255 566 261 575 “
934 571 944 583 “

172 639 258 698 Uar.
271 635 308 696 11.
331 637 476 697 Successit
488 640 515 697 ei
525 636 625 716 Ulpius
637 636 759 699 Crinitus
770 639 914 717 Traianus,
929 650 1011 702 natus
1079 650 1083 667 ⁸

102 721 223 782 ltalieae
233 721 411 798 inllispania,
424 721 526 781 lamilia
537 724 831 801 antiquamagisquam
840 724 924 784 alara.
940 724 1010 784 Nam

103 813 190 886 pater
196 805 256 863 eius
264 806 367 881 primus
380 804 477 864 oonsul
489 805 549 864 luit.
572 803 1010 886 lmperatorautemapuddgrip·

104 891 201 969 pinam
219 890 247 946 in
261 886 347 947 Gallis
364 888 454 947 laetus
470 897 524 947 est.
558 888 628 948 Rem
640 889 780 967 publicam
791 892 828 949 ita
840 890 1010 951 administra·

103 975 158 1048 vit,
178 981 209 1032 ut
220 971 346 1030 omnibus
358 971 530 1049 principibus
540 975 638 1031 merito
653 974 836 1050 praeferatur.
857 971 1010 1033 lnusitatae

104 1055 249 1123 civilitatis
267 1063 295 1114 et
311 1054 479 1114 fortitudinis
490 1054 550 1114 luit.
583 1054 700 1116 Romani
715 1057 837 1134 imperii,
857 1056 933 1135 qnod
945 1066 1011 1133 post

104 1140 263 1216 Augustum
275 1136 421 1197 defensum
437 1140 526 1215 magis
545 1139 635 1199 iuerat
650 1157 734 1218 quam
749 1140 880 1200 nobiliter
897 1141 1012 1218 amplia·

103 1231 180 1298 tum,
201 1222 271 1280 fines
284 1221 370 1297 longe
381 1220 493 1299 lateque
508 1221 625 1285 diiludit.
652 1223 744 1284 Urbes
758 1233 834 1284 trans
845 1223 972 1283 Rhenum
983 1225 1011 1283 in
1032 1247 1059 1289 p.

103 1303 254 1365 Germania
263 1307 412 1381 reparavit.
441 1305 555 1365 Daoiam
561 1306 707 1366 Deoebalu
717 1309 793 1367 vieto
807 1308 930 1385 subegit,
944 1321 1008 1386 pro·
1020 1315 1074 1358 ⁰·N·

102 1389 199 1448 rineia
214 1396 288 1447 trans
305 1386 461 1447 Danubium
476 1389 550 1448 faeta
571 1391 651 1449 iniis
668 1392 754 1468 agris,
776 1408 848 1468 quos
861 1408 934 1449 nuno
945 1390 1007 1450 Tai-
1026 1385 1070 1427 ¹⁰⁶·

104 1471 318 1551 pbulibabent,
337 1471 456 1530 Viotoali
471 1480 500 1530 et
512 1471 673 1550 Theruingi.
700 1472 742 1532 Ea
755 1474 898 1550 provincia
912 1472 1009 1532 dem'es

107 1563 228 1615 oentena
239 1553 314 1612 milia
325 1570 456 1631 passuum
470 1556 498 1613 in
510 1556 627 1614 eirouitu
640 1558 736 1617 tenuit.

170 1638 255 1697 Una.
280 1636 330 1696 lll.
352 1636 519 1715 Armeniam,
533 1657 614 1718 quam
626 1649 833 1719 oeoupareraut
846 1638 949 1716 Parthi,
964 1657 1009 1699 re·
1033 1657 1060 1698 r.

105 1723 185 1799 oepit
198 1719 397 1781 Parthamasire
414 1724 527 1799 omisa,
546 1725 593 1803 qui
608 1742 669 1784 eam
680 1724 801 1784 tenebat.
836 1723 952 1783 Albanis
964 1741 1008 1784 re·
1021 1725 1070 1768 GU

105 1824 174 1883 gem
185 1802 269 1863 dedit.
291 1804 435 1865 lberorum
448 1824 544 1883 regem
560 1816 588 1866 et
599 1808 820 1867 Sauromatarum
830 1806 1008 1887 etBospora-
1026 1795 1071 1839 ¹¹⁴⁴

105 1903 207 1948 norum
217 1894 246 1944 et
257 1886 378 1947 Arabum
390 1896 418 1946 et
433 1886 641 1948 osdroenorum
660 1894 689 1949 et
700 1889 870 1950 Golobomm
883 1893 911 1950 in
928 1889 1012 1953 iidem

107 1969 229 2046 aceepit.
250 1968 431 2043 Corduenos,
443 1969 568 2046 Mardos,
587 1971 688 2030 bledos
701 1975 852 2048 oeoupavit
865 1983 893 2033 et
906 1975 1011 2034 Anthe-

107 2053 234 2127 musiam‚
253 2066 380 2129 magnam
391 2051 513 2111 Persidis
525 2055 687 2131 regionem,
705 2053 863 2113 Seleuciam
878 2065 905 2115 et
920 2056 1011 2116 Ctesi·

107 2136 251 2216 phontem‚
264 2135 437 2217 babylonem
450 2145 478 2194 et
488 2135 648 2197 Messenios
662 2139 730 2196 vicit
744 2139 885 2197 detenuit.
913 2137 1011 2216 Usque

108 2219 143 2280 ad
155 2216 249 2278 Indiae
262 2219 331 2277 llnes
343 2227 371 2277 et
382 2236 458 2277 mare
471 2219 583 2279 rubrum
598 2221 720 2279 aooessit
729 2229 814 2298 atque
825 2221 864 2278 ibi
875 2229 933 2280 tres
946 2237 1010 2300 pro·

107 2303 215 2363 vineias
226 2301 304 2378 feeit,
322 2301 489 2378 Armeniam,
509 2301 662 2380 Assyriam,
674 2301 921 2381 Mesopotamium,
947 2323 1010 2364 eum

107 2385 300 2464 degentibus,
321 2403 394 2463 quae
404 2383 549 2445 bladenam
562 2386 708 2463 attingunt.
725 2385 856 2447 Arabiam
867 2397 967 2466 postea
981 2390 1011 2450 iu

108 2471 271 2549 prouinciae
286 2468 545 2546 lonnamredegitr
569 2468 600 2528 ln
611 2472 678 2529 mari
696 2470 780 2530 rubro
800 2470 920 2531 classem
931 2474 1009 2532 insti·

107 2555 169 2630 tuit,
185 2562 215 2611 ut
228 2569 280 2630 per
291 2571 351 2611 eam
361 2551 458 2612 ludiae
472 2552 542 2612 lines
555 2561 687 2612 vastaret.

169 2633 253 2696 Uar.
264 2633 313 2698 lV.
330 2635 451 2695 Gloriam
462 2645 557 2695 tamen
567 2636 711 2695 militarem
726 2635 859 2696 civilitate
871 2646 899 2697 et
912 2639 1008 2699 mode·

108 2720 216 2780 ratione
235 2720 392 2796 superavit,
415 2719 522 2779 Romae
539 2729 567 2779 et
586 2736 637 2797 per
649 2721 809 2797 provincias
819 2720 966 2798 aequalem
977 2738 1010 2781 se

109 2804 237 2862 omnibus
258 2803 403 2878 exbibens,
427 2804 533 2862 amieos
554 2802 689 2863 salutandi
711 2819 811 2862 caussa
829 2803 1014 2883 frequentans

108 2885 154 2946 vel
166 2895 345 2964 aegrotantes
359 2885 405 2944 vel
425 2903 488 2945 oum
507 2887 597 2946 festos
612 2886 674 2946 dies
685 2886 859 2964 habuissent,
880 2889 1010 2951 convivia

110 2987 172 3029 eum
187 2969 287 3029 iisdem
301 2968 452 3029 indisereta
467 2972 592 3029 vicissim
607 2971 729 3045 babens,
747 2987 836 3049 saepe
855 2973 884 3030 in
895 2972 1008 3033 vehiou·

79 3074 83 3083 ·
108 3052 144 3114 lis
150 3070 246 3112 eorum
258 3053 371 3130 sedens,
385 3052 488 3113 nullum
498 3063 655 3114 senatorum
664 3053 790 3130 laedens,
800 3055 1010 3116 nibiliniustum

108 3135 144 3196 ad
158 3137 314 3214 augendum
328 3137 425 3197 liscum
438 3155 542 3214 agens,
568 3137 691 3197 liberalis
710 3140 881 3215 iucundos,
897 3139 1010 3216 publice

108 3221 294 3298 privatimque
308 3220 397 3281 ditans
413 3237 511 3280 omnes
527 3230 555 3280 et
565 3223 719 3281 bonoribus
734 3241 858 3300 augens,
875 3238 946 3300 quos
962 3222 1009 3281 vel

106 3301 243 3363 mediocri
260 3302 442 3364 familiaritate
460 3304 653 3382 cognovissel‚
678 3306 776 3366 orbem
790 3316 923 3366 terrarum
934 3304 1010 3363 aedi·

109 3386 206 3463 boans,
230 3386 329 3445 multas
340 3389 523 3447 immunitates
538 3388 696 3449 civitatibus
706 3390 847 3464 tribuens,
874 3386 941 3446 nibil
953 3405 1010 3448 nou

108 3469 285 3549 tranquillum
296 3479 324 3529 et
337 3470 474 3548 placidum
485 3489 588 3549 agens,
611 3470 682 3531 adeo
701 3480 732 3533 ut
747 3473 821 3532 omni
837 3473 898 3531 eius
919 3480 1010 3532 aetate
