2362 4036
170 276 213 339 to
268 295 273 301 ·
342 348 346 355 ,
465 263 469 270 ’
524 280 764 338 nurnorrr

172 461 287 508 omnem
295 443 561 522 provinciamceptt,
574 443 791 521 appellatusque
803 444 984 505 estGreticns
996 420 1118 565 atquep

104 557 158 598 Μ]
172 547 209 589 ex
227 527 318 588 insula
341 527 528 604 triumphavit.
564 527 627 599 Quo
646 536 773 604 tempore
790 528 877 604 Libya
894 514 1118 627 quonaone-¹

114 624 160 668 cao.
171 626 252 672 mano
264 612 382 687 imperio
387 627 447 709 'per
460 619 657 672 testamentum
666 608 800 688 Apionis,
816 612 926 688 quirex
937 614 1001 671 eins
1021 614 1082 674 iue-

169 702 222 770 rat,
235 695 369 770 accessit,
385 695 413 752 in
424 712 479 771 qua
490 692 611 752 inclutae
623 695 752 796 civitates
764 703 842 776 erant
851 694 1003 772 Berenice,
1016 693 1082 757 Pto·

169 777 268 838 lemuis
280 787 309 837 et
321 776 443 852 Cyrene

237 863 323 922 Cur
335 859 399 921 Xll.
408 859 638 940 (X)Dumhneo
648 869 792 938 geruntur
806 862 1083 938 pirataeomniama·

168 949 211 1008 ria
221 946 388 1006 infestabant
405 947 458 1018 ita,
483 952 512 1001 ut
523 944 668 1020 Romanis,
685 953 746 1003 toto
758 944 828 1003 orbe
839 946 1006 1022 victoribus,
1019 947 1083 1009 sola

143 1100 145 1105 ¹
170 1030 312 1109 navigatio
329 1037 387 1087 tuta
402 1044 458 1086 non
475 1037 563 1087 esset.
595 1025 689 1100 Quare
707 1027 735 1086 id
752 1026 858 1087 bellurn
877 1027 929 1091 Cu.
941 1027 1083 1107 Pompeio

67 1130 161 1182 u..u
171 1113 315 1174 decretum
329 1120 382 1170 est.
417 1109 501 1182 Quod
518 1112 587 1170 intra
605 1127 712 1187 paucos
723 1129 835 1170 menses
853 1113 959 1188 ingenti
975 1122 1005 1172 et
1016 1112 1083 1174 feli·

109 1208 156 1252 ιιι.
173 1200 257 1256 citate
269 1205 297 1254 et
308 1194 454 1254 celeritate
466 1194 599 1253 coniecit.
627 1192 732 1253 Mox
706 1212 733 1252 er
748 1193 869 1254 delatum
880 1194 984 1255 bellum
991 1199 1083 1260 etiam
1115 1234 1118 1240 -

173 1288 270 1338 contra
283 1294 382 1353 regem
393 1274 571 1335 Mithridaten
582 1285 611 1334 et
623 1274 773 1354 Tigranen
799 1276 864 1349 Quo
876 1288 1012 1355 suscepto
1027 1279 1082 1339 Mi·

119 1360 327 1422 thridaten'
320 1378 347 1418 ιιι
358 1356 489 1418 Armenia
501 1362 608 1418 minore
625 1369 761 1419 nocturno
776 1353 885 1458 proelio
895 1364 974 1437 vicit,
987 1372 1083 1423 castra

172 1444 295 1522 diripuit,
309 1442 491 1522 quadraginta
500 1442 648 1502 utilibus
623 1463 684 1503 erus
699 1445 804 1504 occisis
818 1446 916 1520 uiginti
927 1453 1032 1505 tautum
1045 1446 1083 1507 de

172 1530 299 1588 exercitu
310 1545 363 1587 suo
372 1527 493 1604 perdidit
504 1535 533 1585 et
544 1525 615 1585 duos
628 1529 817 1599 centuriones.
829 1527 1004 1589 Mithridates
1016 1546 1082 1588 curu

169 1629 258 1671 uxore
270 1610 503 1687 lugitetduobus
515 1610 673 1667 comitibus.
695 1609 896 1687 Nequemulto
915 1620 995 1688 post,
1016 1630 1083 1672 curn

168 1696 197 1753 in
208 1710 277 1751 suos
289 1693 420 1764 saeviret,
434 1689 593 1763 Pharnacis,
607 1690 655 1747 lilii
666 1693 721 1764 sui,
739 1691 813 1766 apud
824 1692 926 1750 milites
937 1693 1084 1754 seditione

168 1774 204 1836 ad
219 1783 336 1835 mortem
354 1780 470 1830 coactus
489 1789 628 1829 venenum
646 1772 746 1830 hausit.
784 1771 865 1832 lluuc
885 1774 966 1832 linem
982 1774 1082 1838 habuit

100 1855 158 1922 mu.
169 1856 353 1919 Mithridates.
392 1853 477 1913 Periit
497 1863 591 1914 autem
607 1854 681 1932 apud
694 1854 870 1932 Bosporum,
893 1858 936 1916 vir
954 1859 1080 1935 ingentis

109 1947 155 1987 ⁶⁸8·
168 1940 320 2001 industriae
335 1937 514 2016 consiliique.
542 1937 682 2014 Regnavit
693 1942 771 1998 aunis
783 1942 940 2015 sexaginta,
952 1942 1022 2000 vixit
1032 1961 1078 2001 se·

133 2086 136 2091 ,
168 2020 1078 2103 ptuagintaduobus,contraRoruanoshellumhahuitamnisqua-

169 2108 217 2168 dra
240 2109 304 2167 iutu.

111 2221 167 2263 gn,
218 2126 321 2252 gilae.
332 2177 411 2250 xiil.
424 2187 505 2269 (Xl.)
519 2188 632 2266 Tigrani
645 2188 746 2250 deiude
756 2189 908 2269 Pompeius
920 2190 1026 2251 bellum
1038 2192 1076 2252 in·

109 2289 156 2334 oea
168 2276 240 2338 tulit.
265 2273 318 2334 llle
328 2292 362 2332 se
378 2274 404 2331 ei
416 2271 508 2347 dedit,
530 2282 559 2330 et
580 2275 608 2332 in
626 2284 717 2334 castra
733 2273 862 2351 Pompeii
873 2284 954 2336 sexto
965 2274 1076 2334 decimo

167 2358 286 2419 miliario
300 2356 336 2414 ab
351 2355 483 2415 Artaxata
492 2359 585 2428 venit,
606 2373 640 2415 ac
652 2356 777 2416 diadema
789 2375 880 2434 snum,
900 2376 963 2417 cum
975 2375 1075 2435 procu·

167 2442 277 2501 buisset
299 2438 334 2498 ad
358 2456 450 2516 genua
472 2437 615 2515 Pompeii,
640 2441 673 2498 in
692 2440 819 2499 manibus
837 2442 893 2518 ipsi
915 2441 1075 2501 collocarit.

169 2523 253 2621 Quod
270 2524 296 2582 ei
315 2520 466 2598 Pompeius
481 2523 619 2599 reposuit,
637 2521 851 2602 honorificeque
871 2543 935 2584 eum
954 2524 1076 2584 habitum

166 2608 249 2685 regui
269 2615 362 2666 tamen
378 2615 456 2682 parte
473 2604 599 2665 multavit
618 2615 646 2665 et
663 2606 761 2684 grandi
779 2611 907 2685 pecunia.
937 2607 1076 2691 Adempta

169 2699 214 2751 est
226 2709 253 2750 er
246 2690 356 2765 Syria,
370 2688 523 2764 Phoenice,
543 2689 694 2766 Sophene,
714 2708 767 2751 sex
782 2690 857 2751 milia
870 2701 1018 2768 praeterea
1029 2700 1076 2749 ta·

6 2828 11 2833 .
167 2774 306 2834 lentorum
317 2775 442 2848 argenti
464 2790 536 2850 quae
552 2772 660 2850 populo
677 2774 803 2833 Romano
816 2773 910 2851 daret,
935 2776 1000 2851 quia
1016 2772 1076 2833 bel

55 2880 58 2886 ·
167 2857 259 2917 lum
236 2875 297 2916 sme
309 2873 409 2914 caussa
421 2852 554 2915 Romanis
566 2859 776 2916 commovisset.

62 3008 66 3018 1
134 2942 138 2947 ’
231 2939 318 2999 Car.
330 2938 405 2998 XIV.
427 2937 579 3015 Pompeius
591 2957 656 2998 mox
667 2941 750 2998 etiam
760 2939 878 2999 Albanis
888 2939 993 3000 bellum
1005 2940 1076 2997 intu-

82 3063 87 3094 ,
166 3021 210 3097 lit,
222 3031 250 3081 et
261 3036 359 3081 eorum
369 3040 468 3100 regern
480 3022 592 3082 Oroden
603 3032 646 3081 ter
656 3025 734 3098 vicit,
748 3032 893 3100 postremo
905 3041 958 3100 per
969 3023 1076 3100 episto·

167 3105 208 3164 las
220 3114 248 3164 et
259 3124 372 3164 munera
383 3115 499 3182 rogatus
516 3107 626 3165 veniam
637 3107 664 3164 ei
677 3103 714 3165 'ac
728 3123 825 3204 pacem
845 3105 931 3166 dedit.
965 3105 1076 3165 iberiae

167 3207 282 3266 quoque
293 3207 392 3287 regem
402 3187 528 3248 Artocen
538 3190 606 3247 vicit
618 3190 680 3247 acie
692 3191 740 3249 et
732 3208 761 3248 ιιι
772 3188 943 3250 deditionem
953 3189 1075 3267 aceepit.

166 3273 326 3332 Armeniam
337 3275 476 3333 minorem
482 3271 630 3347 Deiotaro,
645 3269 769 3333 Galatiae
780 3274 853 3349 regi,
867 3273 991 3348 donavit,
1008 3270 1098 3351 qnia

168 3359 265 3414 socius
281 3355 348 3416 belli
361 3353 541 3413 Mithridatici
554 3354 657 3413 luerat.
686 3353 781 3415 Attalo
798 3365 826 3414 et
844 3355 865 3414 P
867 3355 1005 3432 ylaemeui
1025 3353 1076 3414 Pa·

141 3456 144 3463 ·
168 3437 347 3516 phlagcnram
356 3434 486 3497 reddidit
501 3435 815 3506 Aristarchumllolchis
825 3376 1075 3531 reglemmpoautt.
