2348 4080
221 915 411 998 llllllllo
434 917 572 990 titillet
593 922 738 992 tibulli
758 921 910 1032 'uffllsott

112 1149 197 1235 Cum
208 1171 535 1253 elongantes-crustis,
552 1178 600 1238 ‚vir
613 1178 728 1255 ingenio
739 1193 796 1237 non
808 1177 916 1255 miuus,
935 1192 1018 1257 quam
1122 1240 1124 1248 ,

110 1273 236 1334 doctrine
257 1274 394 1350 insignis,
419 1282 545 1335 mortuus
570 1286 663 1355 esset,
697 1275 846 1337 divenditis
876 1274 1023 1355 exempla,

110 1375 187 1434 ribus
207 1373 353 1451 Eutropii,
382 1373 416 1433 ab
438 1374 487 1433 illo
509 1392 581 1433 anno
600 1393 780 1435 uueeoxxrr.
796 1373 880 1450 editi,
912 1374 1017 1435 mibia

110 1473 268 1550 bibliopola
289 1473 500 1549 honestissimo,
525 1488 627 1532 socero
652 1452 852 1548 dilectissimo,
877 1471 906 1531 id
922 1489 1016 1532 mune·

104 1575 148 1661 ris
161 1571 280 1632 delatum
291 1572 352 1646 est,
369 1579 399 1631 ut
410 1571 501 1636 denuo
516 1571 605 1633 libelli
618 1571 771 1631 editionem
783 1588 918 1632 ourarem.
952 1569 1016 1645 Quo

107 1690 224 1733 munere
236 1673 274 1732 ita
285 1680 388 1732 tantum
399 1690 444 1731 me
455 1673 528 1733 bone
546 1681 575 1733 et
590 1689 642 1751 pro
654 1671 726 1732 virili
739 1679 818 1751 parte
835 1670 913 1750 iungi
927 1688 1016 1750 posse

107 1774 244 1850 intellexi,
263 1782 302 1849 ut,
321 1789 378 1833 nou
389 1771 480 1832 solum
492 1791 565 1853 quae
577 1774 742 1852 typothetae
753 1781 939 1850 peooassent,
961 1771 1015 1832 sed
1131 1802 1134 1807 ⁴

109 1875 207 1949 etiam,
240 1875 268 1932 in
284 1873 419 1952 quibusa
440 1873 542 1951 prioris
560 1873 675 1932 editoris
700 1873 804 1932 iudicio
827 1871 1017 1934 recedendum

107 1981 195 2050 esset,
215 1974 396 2050 corrigerem.
430 1971 524 2044 Quare
540 1973 631 2032 varias
652 1973 821 2049 scripturas,
843 1971 947 2030 avinis
965 1969 1014 2030 do·

106 2076 160 2134 etis
177 2082 319 2149 enotatas,
342 2070 520 2150 perlustravi.
551 2071 672 2131 Adhibui
695 2070 778 2130 etiam
800 2052 951 2129 editionem
967 2069 1014 2130 Fr.

106 2174 249 2251 Hoegeri,
273 2190 345 2250 quae
355 2169 497 2249 Monaohii
513 2172 648 2231 sumtibus
665 2179 695 2231 et
708 2171 784 2248 typis
795 2167 830 2228 E.
841 2167 875 2232 Α.
888 2168 1014 2229 Fleisolr·

106 2291 188 2333 marm
200 2272 311 2351 prodiit.
343 2271 401 2332 Sed
419 2287 481 2332 oum
498 2272 546 2332 ille
562 2290 589 2331 v.
607 2272 633 2333 d.
651 2273 678 2333 in
689 2270 769 2331 titulo
781 2271 853 2332 haee
865 2273 1013 2351 ascripsis-

105 2382 164 2433 set:
197 2373 241 2434 ad
254 2369 347 2451 fidem
363 2373 431 2434 eod.
452 2373 521 2434 bibl.
546 2392 610 2452 rep.
631 2371 884 2435 Monumentum
904 2376 1013 2449 comoti-

106 2475 171 2550 tot't,
184 2491 237 2551 spe
248 2472 386 2551 deeeptus
396 2491 469 2550 sum,
496 2491 559 2533 oum
574 2491 640 2534 mor
654 2472 852 2552 intelligerem,
874 2491 931 2535 uon
942 2475 1012 2535 inte·

104 2591 170 2652 gras
188 2573 263 2633 illius
280 2573 389 2633 oodiois
408 2576 577 2653 scripturas,
599 2574 650 2636 sed
665 2573 812 2633 haudraro
823 2575 946 2634 viromm
962 2575 1012 2636 do·

105 2683 214 2734 otorurn
234 2673 446 2735 emendationes
470 2675 505 2737 ab
528 2693 564 2736 eo
590 2674 730 2736 exhibitas
751 2689 827 2732 esse.
862 2673 953 2746 Quam
973 2675 1011 2736 ob

104 2793 165 2835 rem
181 2792 244 2833 oum
261 2792 297 2833 ex
314 2792 348 2834 ea
364 2774 487 2836 editione
503 2777 616 2836 minime
627 2780 827 2852 cognoscatur,
850 2790 923 2852 quae
934 2774 1011 2849 oodi·
1114 2779 1119 2789 '

106 2875 148 2933 eis
159 2872 337 2933 blonaoensis
349 2875 386 2933 sit
400 2884 495 2936 natura
506 2893 539 2937 ae
551 2876 638 2952 lidos,
665 2891 758 2952 neque
770 2890 840 2952 quas
856 2875 1010 2953 scripturas

106 2973 248 3049 exhibeat,
266 2981 357 3034 tamen
369 2975 510 3036 nonnullis
527 2975 600 3037 loeis
616 2975 748 3037 ludioiunr
757 2991 850 3033 meum
864 2976 1009 3039 eoniirma·

104 3083 163 3133 turn
180 3082 232 3133 est.
268 3071 400 3135 Ceterum
411 3094 484 3154 quae
496 3076 655 3155 quibusque
671 3075 707 3144 de
718 3075 826 3136 caussis
834 3079 1007 3156 mutaverim,

105 3194 142 3234 ex
165 3175 390 3234 annotationibus
411 3175 509 3235 libello
536 3175 655 3235 adiectis
676 3174 799 3235 lectores
822 3185 1006 3254 cognoscent.
1051 3157 1053 3161 ¹

103 3273 192 3335 Erunt
204 3282 296 3334 autem
312 3273 448 3351 fortasse,
477 3277 524 3354 qui
541 3293 586 3335 me
604 3274 680 3355 quod
703 3277 956 3354 interpunctionem
973 3276 1008 3340 ad

103 3377 238 3459 maiorem
264 3374 469 3455 simplieitatem
490 3375 662 3456 redegerim,
691 3374 912 3461 reprehendant,
944 3397 1007 3442 oum
