2362 4036
228 113 270 174 20
573 115 788 173 turnonii
875 164 878 179 .

229 279 333 339 Fabios
349 275 497 341 llaximus.
532 277 562 339 ls
578 297 642 339 aum
658 277 814 338 differendo
830 292 952 356 pugnam
973 274 1012 337 ab
1032 277 1133 356 impetu

229 361 325 438 tregit,
338 379 404 421 mox
416 364 529 422 inventa
540 362 693 422 occasione
704 362 783 421 vioit.

138 488 142 500 ,
169 451 224 496 ov·
286 443 421 505 (ΜΚ
440 445 507 525 (V.)
536 445 770 522 Quingentesimo
785 451 814 503 et
828 439 1051 521 quadragesimo
1067 460 1132 503 anno
1158 454 1160 456 ·

169 521 215 563 ⁵³⁶·
228 547 244 588 a
256 528 367 588 conlita
378 528 447 588 urbe
458 527 487 588 L.
500 529 636 589 Aemilius
647 527 759 604 Paulus,
771 527 802 588 P.
812 526 960 588 Terentius
966 522 1066 589 Varro
1076 543 1134 587 oon·

228 620 269 671 tra
282 609 464 672 Hannibalern
486 616 643 687 mittuntuu,
663 610 810 688 Fabioque
828 607 999 683 suooedunt,
1024 611 1076 688 qui
1089 608 1135 669 Ha·

227 695 291 754 bins
307 697 405 756 umbos
418 697 550 756 eonsules
564 697 685 770 monuit,
705 703 735 754 ut
746 692 945 768 Hannibalem,
966 690 1094 753 calidum
1113 701 1136 752 et

229 781 418 856 impatientem
432 779 547 854 durem,
573 778 720 839 nonaliter
730 780 886 850 uincerent,
904 794 986 854 quam
998 774 1137 853 proelium

229 861 394 922 differendo.
417 861 520 921 Verum
533 881 597 922 oum
606 864 776 938 impatientia
787 860 920 919 Varronis
932 859 1064 919 consulis
1075 876 1137 919 eou-

165 967 168 971 ’
228 946 383 1006 tradicente
395 945 513 1004 consule
524 946 612 1007 altero
622 944 698 1022 apud
709 947 819 1020 vicum,
838 946 885 1022 qui
906 940 1020 1003 Cannae
1039 942 1136 1023 appel·

189 1058 199 1077 -ι
227 1029 308 1102 latur,
325 1031 352 1087 in
363 1027 465 1104 Apulia
478 1037 734 1106 pugnatumesset,
761 1029 843 1087 ambo
856 1025 988 1086 consules
1009 1024 1052 1086 ab¹
1066 1024 1136 1087 Han·

226 1110 319 1169 nibale
334 1112 491 1170 vincuntur.
523 1110 555 1170 ln
566 1132 599 1171 ea
613 1129 706 1189 pugna
723 1131 757 1172 ιιι
773 1109 847 1170 milia
862 1110 992 1187 Alrorum
1007 1119 1137 1186 pereunt,

227 1211 327 1270 magna
339 1210 404 1270 pars
417 1193 452 1253 de
464 1197 591 1254 exercitu
601 1195 762 1256 Hannibalis
775 1196 924 1254 sauciatur.
945 1191 1032 1252 Nullo
1045 1203 1137 1254 tamen

227 1275 333 1337 Punico
344 1277 421 1339 bello
432 1279 550 1340 Romani
563 1282 676 1358 gravius
691 1280 802 1357 aooepti
813 1287 884 1339 sunt.
914 1276 1000 1336 Periit
1014 1279 1091 1336 enim
1113 1277 1138 1335 io

230 1377 266 1422 eo
282 1361 418 1422 Aemilius
434 1363 535 1424 Paulus
551 1364 666 1439 consul,
689 1363 852 1423 consulares
870 1371 916 1423 aut
935 1362 1072 1438 praetorii
1088 1377 1137 1432 xx,

229 1455 377 1504 senatores
391 1448 465 1520 eapti
481 1456 528 1504 aut
542 1447 631 1503 occisi
644 1464 716 1518 xxx,
739 1445 849 1503 nobiles
864 1447 917 1502 viri
932 1463 998 1516 ouo,
1019 1443 1139 1503 militum

227 1545 263 1586 ιι.
278 1526 368 1600 milia,
387 1528 510 1602 equitum
523 1545 558 1584 ιιι
573 1525 647 1583 milia
662 1535 691 1583 et
702 1526 856 1602 quingenti.
890 1524 921 1583 ln
937 1525 1039 1601 quibus
1056 1525 1139 1601 malis

166 1648 170 1655 -
227 1622 311 1668 nemo
330 1616 420 1666 tamen
435 1607 622 1667 Romanorum
634 1609 713 1684 pacis
732 1608 902 1666 mentionem
916 1607 1021 1665 babere
1037 1607 1138 1683 digna-
1172 1650 1176 1662 ,

226 1700 272 1750 tus
283 1699 336 1749 est.
358 1689 455 1766 Servi,
469 1691 546 1768 qnod
560 1709 698 1769 nunquam
710 1700 785 1767 ante,
804 1690 966 1749 manumissi
982 1697 1011 1767 et
1028 1689 1139 1763 milites
1173 1695 1179 1706 “

227 1775 294 1834 laeti
308 1781 381 1832 sunt.
1099 1766 1108 1782 ‘

288 1857 313 1916 C
321 1877 374 1918 ar.
387 1855 437 1917 Xl.
451 1856 531 1938 (vi.)
558 1856 626 1918 Post
638 1877 698 1918 eam
710 1875 830 1936 pugnam
841 1856 944 1916 multae
956 1854 1055 1915 ltaliae
1068 1857 1137 1916 eivi-

226 1950 309 2017 tates,
323 1960 397 2019 quae
408 1940 540 2001 Romanis
558 1953 715 2020 paruerant,
732 1961 764 2000 se
776 1941 810 2001 ad
820 1939 1003 2001 Hannibalern
1015 1947 1138 1999 transtu·

227 2025 326 2086 lerunt.
350 2024 485 2085 Hannibal
496 2024 630 2086 Romanis
645 2027 755 2103 obtulit,
769 2035 798 2085 ut
814 2027 941 2103 eaptivos
953 2022 1135 2101 redimerent,

225 2124 452 2188 responsumque
471 2117 514 2167 est
526 2128 542 2167 a
556 2118 670 2186 senatu,
692 2129 744 2170 eos
758 2113 837 2169 oives
853 2124 909 2168 non
924 2125 990 2166 esse
1000 2123 1136 2165 neeessa-

225 2194 295 2266 rios,
310 2195 367 2270 qui,
386 2211 448 2252 oiim
459 2195 554 2251 armati
569 2203 679 2268 essent,
699 2195 760 2270 oapi
778 2193 947 2269 potuissent.
970 2189 1022 2249 llle
1035 2206 1136 2250 omnes

226 2285 327 2353 postea
344 2279 429 2353 variis
445 2275 593 2353 suppliciis
614 2275 770 2351 interiecit,
793 2284 823 2334 et
842 2283 900 2333 tres
910 2275 1021 2334 modios
1034 2290 1137 2333 aureo·

225 2376 286 2417 rum
297 2361 460 2419 annulorum
472 2358 668 2436 Carthaginem
681 2361 772 2435 misit,
793 2376 866 2436 quos
880 2376 898 2416 e
913 2358 1040 2417 manibus
1054 2359 1136 2436 equi·

226 2451 282 2502 tum
293 2442 491 2518 Romanorum,
513 2453 687 2518 senatorum,
713 2451 742 2503 et
755 2443 871 2503 militum
884 2441 1061 2513 detraxerat.¹
1091 2440 1136 2500 ln·

224 2535 303 2585 terea
318 2528 346 2585 in
360 2527 504 2605 Hispania,
528 2527 576 2587 ubi
584 2526 671 2587 irater
682 2526 845 2587 Hannibalis
858 2523 1014 2586 Hasdmbal
1025 2543 1135 2585 reman·

224 2619 300 2669 serat
313 2627 487 2686 cummagno
506 2612 641 2686 exercitu,
659 2620 688 2670 ut
703 2629 764 2669 eam
779 2619 865 2670 totam
879 2610 957 2668 Airis
972 2608 1133 2686 subigeret,

224 2692 362 2751 aduobus
373 2693 572 2770 Scipionibus,
589 2694 723 2754 llonranis
735 2693 863 2767 ducibus,
876 2695 1011 2769 vincitur,
1027 2691 1133 2770 perdit·

224 2791 280 2850 que
292 2777 424 2850 inpugna
439 2795 512 2835 xxxv
523 2778 600 2838 milia
611 2779 761 2838 hominum.
783 2776 828 2836 Ex
838 2778 882 2837 his
897 2779 1043 2855 capiuntur
1052 2797 1072 2835 x
1084 2779 1133 2835 mi·

223 2855 270 2930 lia,
288 2857 453 2917 occiduntur
465 2879 531 2920 xxv.
563 2861 707 2924 Mittuntur
726 2863 752 2921 ei
769 2880 785 2920 a
802 2860 1081 2938 Carthaginiensibus
1099 2859 1134 2920 ad

222 2939 390 3082 rYpaplandas
408 2944 485 3002 vires
502 2963 541 3005 ιιι
558 2944 633 3006 milia
650 2944 789 3022 peditum,
811 2964 840 3007 rr
854 2945 930 3005 milia
943 2946 1078 3022 equitum,
1095 2964 1135 3004 xx

224 3040 290 3101 eep
311 3026 376 3084 anti.

164 3124 220 3167 ιιι.
286 3107 311 3166 C
320 3128 375 3168 ar.
390 3109 454 3169 ΧΠ.
467 3110 557 3193 (VH.)
579 3112 660 3171 Anno
678 3121 777 3190 quarto
790 3121 871 3190 post,
889 3131 971 3190 quam
985 3113 1013 3173 in
1024 3104 1134 3173 ltaliam

170 3191 215 3233 bii·
222 3189 358 3251 Hannibal
374 3197 470 3268 venit,
489 3194 527 3253 tt
539 3194 672 3256 Claudius
688 3195 839 3270 Marcellus
860 3196 959 3257 consul
979 3196 1054 3274 apud
1070 3196 1132 3259 No-

221 3271 285 3348 lam,
301 3278 443 3337 eivitatem
457 3276 641 3356 Campaniae,
665 3289 762 3340 eontra
777 3279 959 3341 Hannibalem
980 3280 1055 3345 bene
1077 3299 1132 3360 pu-
