2362 4036
482 281 704 356 uuruouit

403 541 806 616 lluuultultus·
874 568 877 577 ¹

536 674 639 686 ——v

394 736 397 743 '
445 710 741 801 annuaruruu.

199 862 223 914 1.
241 863 392 917 Maximinus
402 867 468 918 bello
480 867 745 921 adversusGermauos
762 863 868 914 feliciter
885 866 959 926 gesto
977 857 1046 909 aPu·

146 933 221 999 pleno
238 934 387 984 interficitur.
415 934 441 986 2
458 937 518 988 Tros
533 938 591 987 inde
604 926 678 987 simul
691 933 809 999 augusti,
826 931 968 994 ΡΠΡῙΘΠΠΒ,
993 925 1045 977 13⁸¹·

147 1001 221 1050 binus
241 1009 265 1050 et
283 1001 436 1065 Gordianus,
461 1008 504 1070 qui
527 1004 576 1055 itus
595 1005 730 1059 interiectis
748 999 817 1050 solus
834 997 968 1062 imperium
986 996 1045 1044 obti-

147 1077 198 1130 net,
216 1070 317 1133 lenique
332 1074 411 1137 portis
427 1076 519 1138 apertis
535 1073 623 1122 Persas
639 1073 723 1123 vineit.
757 1066 784 1120 3.
801 1066 909 1130 Philippi
928 1065 987 1123 (111⁰,
1005 1077 1045 1128 Pl·

147 1146 186 1186 ter
202 1145 227 1186 et
242 1138 326 1199 illius,
343 1141 389 1189 sub
407 1143 497 1203 quibus
515 1156 595 1191 anurrs
611 1142 706 1191 Romae
723 1137 836 1188 conditae
843 1133 994 1183 ⁴milesimus
1010 1145 1045 1180 ce-

148 1205 257 1256 lebratus
276 1215 321 1257 est
355 1205 488 1258 anesus
509 1210 602 1260 bellrun
618 1210 691 1260 civile
714 1209 741 1257 in
758 1204 837 1256 Gallia
853 1210 949 1253 motum
967 1199 1045 1264 oppri-

150 1274 194 1321 mit
215 1281 241 1322 et
265 1289 321 1322 cum
342 1275 408 1334 filio,
436 1275 541 1327 Caesare
560 1278 639 1335 lacto,
664 1284 721 1342 post
745 1274 873 1325 biennium
896 1269 1045 1337 interficitur.

148 1339 174 1389 5.
193 1339 278 1392 Gallus
302 1341 453 1394 Hostilianas
478 1355 502 1395 et
527 1345 590 1396 Galli
612 1347 677 1396 filius
695 1343 847 1393 Volusianus
871 1337 1046 1389 nihilomnino

149 1407 243 1458 clarum
261 1419 401 1476 gesserunt.
434 1410 460 1468 6.
479 1415 612 1465 Aemiliani
629 1416 704 1464 breve
721 1418 746 1460 et
763 1411 892 1459 obscurum
908 1405 1047 1468 imperium
1090 1410 1092 1417 '

149 1474 255 1529 7-10.
273 1478 361 1530 Licinii
378 1481 505 1532 Valeriani
528 1491 552 1533 et
568 1483 673 1533 Gallieni
695 1479 827 1545 imperium
844 1475 884 1526 uel
905 1472 1048 1522 infelicitate

149 1547 191 1595 uel
205 1548 308 1613 ignavia
325 1557 426 1613 propter
442 1553 604 1600 barbarorum
621 1551 774 1600 incursiones
788 1545 966 1610 perniciosum.
994 1539 1049 1588 Plu-

150 1629 191 1663 res
207 1631 343 1679 purpuram
361 1627 470 1675 sumunt,
484 1619 624 1676 Postumus,
642 1617 745 1674 Marius,
761 1614 912 1669 Victorinus,
928 1609 1054 1667 Tetricus,

151 1680 307 1743 Odenathus.
343 1681 383 1730 ll.
405 1683 522 1730 Claudius
540 1684 621 1731 caedit
637 1682 739 1732 Gothos.
765 1681 825 1728 Eius
844 1677 932 1743 laudes
951 1683 1052 1740 etpost

150 1754 253 1796 mortem
271 1747 386 1794 honores.
421 1746 464 1794 12.
484 1748 602 1805 Quintilli,
619 1748 715 1810 egregii
728 1745 861 1809 principis,
878 1744 953 1791 breve
971 1743 1052 1805 impe-

149 1816 223 1864 rium.
261 1810 369 1862 13-15.
387 1814 536 1864 Aurelianus
553 1815 629 1863 vincit
647 1812 749 1871 Gothos,
768 1811 905 1860 Romanam
924 1808 1053 1858 dicionem

151 1882 184 1930 ad
200 1881 318 1944 pristinos
335 1881 397 1931 flues
414 1891 528 1943 reuocat,
555 1889 656 1946 superat
672 1880 798 1930 Tetricum
815 1879 841 1928 in
857 1877 952 1936 Gallia,
970 1875 1052 1926 Zeno-

150 1951 218 2000 biam
234 1948 260 1997 in
279 1946 378 2000 Oriente
395 1953 476 2016 capit,
501 1951 695 2001 monetariorum
717 1950 744 1999 in
764 1949 827 1998 urbe
848 1946 996 1995 seditionem
1012 1961 1051 1994 re-

149 2016 243 2083 primit,
260 2025 342 2068 cetera
359 2019 476 2074 crudelis,
513 2017 554 2070 16.
572 2020 659 2077 Taciti,
678 2018 780 2082 egregie
798 2016 895 2074 morati,
913 2014 989 2062 breve
1005 2015 1048 2062 im-

149 2087 248 2152 perium
264 2101 310 2135 nee
328 2088 466 2138 diuturnius
483 2088 599 2140 Floriani.
635 2083 677 2139 17.
694 2087 799 2145 Probus,
816 2084 896 2150 gloria
912 2081 1014 2131 militari
1028 2087 1052 2130 et

138 2152 249 2204 ‘morum
266 2155 383 2205 civilitate
401 2157 520 2221 insignis,
547 2155 640 2206 Gallias
662 2154 806 2204 abarbaris
830 2159 963 2215 occupatas
980 2150 1051 2198 resti·

151 2225 199 2273 tuit
216 2230 240 2272 et
255 2225 384 2273 vinearum
399 2223 520 2273 culturam
533 2225 641 2274 adiuvat.
674 2223 734 2272 Post
755 2221 886 2288 imperium
914 2233 960 2267 sex
975 2232 1051 2266 anno

152 2306 207 2341 rum
229 2292 336 2340 tunurltu
357 2293 456 2341 militari
480 2293 631 2342 interficitur.
673 2288 716 2341 18.
734 2288 811 2339 Garus
835 2291 861 2337 in
884 2287 949 2337 bello
968 2294 1051 2335 contra

153 2360 242 2408 Persas
259 2373 379 2422 prospere
394 2367 465 2424 gesto
483 2360 594 2411 fulminis
608 2362 658 2409 ictu
672 2361 759 2424 perit.-
780 2358 818 2407 Ex
834 2356 901 2415 liliis,
918 2369 983 2418 quos
992 2352 1051 2402 Gae-

154 2440 223 2475 sares
242 2424 342 2486 iecerat,
359 2425 539 2486 Numerianus,
563 2437 658 2492 patrem
676 2427 709 2474 ad
726 2426 853 2474 Persicum
870 2424 964 2472 bellum
982 2437 1051 2470 secu-

153 2501 208 2550 tus,
233 2507 279 2555 per
293 2494 398 2543 insidias
415 2495 543 2545 occiditur.
581 2492 622 2547 19.
644 2493 759 2551 munus,
779 2493 810 2541 ob
829 2491 923 2541 scelera
947 2491 1051 2548 invisus,

154 2574 170 2610 a
187 2561 240 2609 suis
260 2561 389 2612 deseritur.
425 2563 591 2612 Diocletianus
617 2563 648 2610 ab
665 2562 775 2610 exercitu
792 2562 925 2624 imperator
946 2565 1053 2606 creatur.

153 2627 198 2680 20.
215 2629 240 2678 Is
257 2628 345 2680 Carino
365 2642 485 2696 oppresso
501 2646 546 2695 per
562 2630 740 2680 Maximianum
754 2628 904 2687 Herculium,
921 2626 1053 2676 Gaesarem

153 2699 330 2759 renuntiatum,
351 2700 523 2751 Bacaudarum
540 2700 565 2747 iu
576 2697 656 2748 Gallia
672 2697 805 2747 tumultum
823 2697 915 2747 domat.
939 2691 1052 2745 tl—us.

155 2766 290 2818 Garausius
307 2768 333 2817 in
348 2769 473 2818 Britannia
489 2781 625 2832 purpuram
641 2766 731 2825 sumit,
753 2765 880 2817 Achilleus
897 2765 923 2814 in
938 2764 1053 2828 Aegypto

154 2836 271 2895 rebellat,
296 2835 407 2886 Africam
425 2836 648 2900 Quinquegentiani
666 2833 798 2894 infestant,
816 2833 941 2890 Narseus,
966 2831 1054 2880 Persa-

154 2918 211 2952 rum
226 2918 278 2961 τοι,
297 2902 389 2954 Orienti
406 2905 498 2954 bellum
516 2903 602 2962 infert,
623 2902 656 2951 ad
673 2916 736 2963 quos
755 2910 836 2951 motus
854 2899 1054 2965 comprimendos

154 2970 322 3019 Diocletianus
334 2970 511 3021 Maximianum
529 2971 668 3032 Herordium
685 2969 827 3034 Augustum
845 2970 915 3027 iacit,
935 2966 1055 3018 Constan-

153 3038 216 3087 tium
233 3044 258 3085 et
275 3035 451 3089 Maximianum
462 3039 587 3089 Galerium
603 3038 731 3087 Caesares.
756 3039 887 3087 Alamanni
904 3051 920 3086 a
935 3035 1055 3086 Goustan·

153 3106 189 3155 tio
206 3104 350 3154 caeduntur.
385 3106 428 3157 24.
447 3106 488 3157 25.
508 3107 620 3156 Galerius
638 3105 804 3155 Maximianus
827 3105 948 3155 Narseum
972 3107 1054 3170 primo

154 3175 235 3224 vietus
259 3181 317 3237 post
338 3189 429 3240 magua
447 3176 517 3225 clade
534 3175 617 3224 afficit.
650 3174 727 3222 Varia
742 3174 858 3239 deinceps
884 3181 908 3223 et
931 3173 1006 3222 simul
1031 3180 1055 3221 et

154 3242 299 3308 singulatim
314 3243 379 3292 bella
396 3252 492 3308 gerunt,
510 3252 535 3293 et
543 3242 644 3307 Carpos,
663 3242 795 3291 Basternas
814 3251 838 3291 et
854 3241 978 3291 Sarmatas
996 3241 1055 3289 sub-

155 3314 235 3377 igunt.
264 3308 386 3365 26-28.
410 3311 557 3361 Diocletiani
575 3319 599 3359 et
614 3311 759 3360 Maximiani
776 3310 897 3371 Herculii,
924 3311 967 3372 qui
981 3310 1054 3358 ambo

105 3431 112 3445 ,
157 3380 269 3444 deposito
288 3379 392 3444 imperio
408 3380 434 3430 in
450 3381 572 3445 privatam
587 3379 664 3429 vitam
683 3388 865 3440 concesserant,
882 3393 965 3428 mores
979 3386 1004 3429 et
1018 3379 1055 3427 iu·

157 3461 266 3511 genuum.
714 3448 718 3461 ’
803 3460 812 3475 -’
