2362 4036
226 286 269 350 44
571 290 794 350 turnonii
852 317 857 320 ·

227 455 369 514 dictatoris
384 454 466 514 iilius.
500 452 603 514 Contra
620 454 674 514 bns
691 457 843 515 summisso
855 452 965 531 proelio
985 462 1056 532 pust
1071 454 1139 514 mui-

225 547 268 596 tas
281 536 760 598 dimicationesvietorinit-Caesar.
783 532 982 613 Gataseipi'o,
997 533 1138 614 Petreius,
1170 615 1171 618 Ἴ

226 617 304 695 Iuba,
319 621 375 697 ipsi
386 637 419 679 se
429 618 603 680 oeciderunt.
636 619 767 698 Faustus,
781 620 908 698 Puntpeii
919 636 1024 696 gener,
1037 637 1055 680 a
1067 619 1140 680 Cae

225 719 289 760 sare
301 703 466 762 interiectus
479 711 532 761 est.

165 819 219 862 su.
291 800 376 861 Car.
390 799 493 862 XXIV.
506 801 596 880 (xix.
642 801 710 862 Post
724 818 824 862 annum
837 798 941 860 Caesar
954 798 1081 862 Romam
1098 822 1139 864 re·

168 887 213 932 ²⁰⁷·
226 902 344 963 gressus
356 894 454 964 quarto
467 904 497 945 se
510 902 599 946 consu
610 904 654 944 em
665 886 733 945 ierit
745 893 773 943 et
783 885 874 943 statim
885 882 920 942 ad
928 882 1085 962 Hispanias
1099 895 1140 946 est

226 968 383 1046 proiectus,
397 969 444 1027 ubi
455 967 653 1047 Pompeiiiilii‚
668 967 779 1029 Gnaeus
791 975 819 1025 et
834 966 947 1041 Sextus,
960 967 1068 1045 ingens
1079 967 1139 1029 bei·

225 1051 283 1110 iurn
302 1061 507 1131 reparaverant.
536 1051 622 1111 biulta
639 1051 746 1128 proelia
767 1051 902 1129 inerunt,
915 1048 1045 1122 numum
1064 1051 1138 1130 apud

225 1131 356 1193 Mundam
373 1136 523 1210 ciuitatem,
544 1137 572 1194 in
590 1148 645 1213 quo
658 1133 730 1194 adeo
741 1132 947 1210 Caesarpaene
963 1133 1059 1193 vietus
1084 1143 1136 1277 estp

225 1225 256 1276 ut
267 1216 438 1292 fugientibus
450 1218 509 1275 suis
521 1234 553 1297 se
564 1216 686 1276 voluerit
698 1216 842 1294 occidere,
855 1235 890 1276 ne
903 1224 969 1294 post
979 1222 1128 1293 tantam'r'e

224 1297 350 1358 militaris
362 1297 480 1374 gloriam
491 1301 519 1358 in
531 1308 700 1377 potestaten
716 1298 937 1377 adulescentium
953 1305 1036 1358 natus
1047 1310 1135 1370 annos

225 1397 277 1440 sex
293 1388 322 1439 et
339 1382 539 1460 quinquaginta
555 1385 675 1443 veniret.
707 1380 837 1462 Denique
856 1383 994 1460 reparatis
1014 1383 1077 1444 suis
1096 1383 1133 1442 ri·-

225 1465 273 1524 tit.
294 1461 477 1544 ExPompeii
492 1466 556 1526 iiliis
570 1469 659 1527 maior
674 1469 787 1526 oeeisus
800 1475 854 1543 est,
866 1468 956 1527 minor
966 1465 1050 1543 iugit.
1074 1463 1077 1467 ’

289 1564 376 1627 (iss.
394 1564 482 1625 XXV.
499 1565 593 1644 (XX.)
616 1564 684 1625 Inde
703 1564 809 1626 Caesar
824 1565 907 1625 bellis
925 1563 1055 1639 civilibus
1073 1573 1132 1625 toto

226 1648 482 1727 orbepeonrpositis
493 1638 610 1704 Ruinam
621 1646 712 1704 rediit.
745 1647 841 1721 Agere
857 1646 1021 1717 inspientius
1037 1649 1134 1727 eoepit
1154 1686 1158 1698 ι

224 1737 253 1788 et
272 1735 369 1785 eontra
387 1725 618 1784 consuetudinem
635 1725 776 1784 Romanae
794 1727 940 1784 libertatis.
974 1724 1044 1785 Cum
1061 1747 1132 1809 erga

145 1842 146 1847 κ
214 1806 387 1888 ὀιὶΙιοηοτοε
402 1825 438 1867 ex
449 1825 499 1866 sua
514 1804 658 1867 voluntate
671 1815 842 1885 praestaret,
863 1809 910 1885 qui
928 1825 944 1867 a
959 1806 1067 1886 populo
1084 1830 1132 1873 an·

223 1902 270 1952 tea
284 1889 498 1968 deferebantur,
520 1907 574 1950 nee
591 1892 700 1951 senatui
717 1889 752 1951 atl
768 1909 799 1950 se
816 1888 944 1951 venienti
955 1903 1128 1971 assurgeret,

223 1975 335 2051 aliaque
348 1974 428 2051 regia
440 1992 475 2035 ae
488 1990 577 2053 paene
592 1975 735 2050 tyrannica
754 1974 876 2049 iaceret,
901 1975 1074 2042 coniuratum
1087 1986 1130 2037 est

223 2059 401 2137 heumann
411 2058 457 2118 vel
465 2057 584 2137 amplius
595 2059 771 2118 senatoribus
779 2057 1127 2136 equitibusqueRomanis.
1169 2126 1171 2131 ,

223 2137 371 2221 Praecipui
384 2142 494 2202 iuerunt
505 2145 576 2201 iuter
590 2144 749 2201 coniuratos
759 2141 818 2200 ¹dun
830 2140 917 2217 Bruti,
931 2159 966 2200 ex
975 2158 1010 2200 eo
1022 2139 1127 2218 genere

224 2225 312 2302 Bruti,
327 2227 374 2303 qui
386 2226 490 2302 primus
501 2222 609 2283 Rornae
624 2224 722 2287 consul
734 2224 825 2284 iuerat
836 2232 959 2301 strages
971 2223 1126 2302 expulerat,
1151 2276 1156 2285 .

225 2306 258 2368 G.
271 2307 386 2367 Cassius
401 2314 430 2364 et
441 2304 576 2365 Servilius
588 2303 688 2368 Casca.
718 2306 797 2385 Ergo
810 2305 925 2381 Caesar,
941 2325 1004 2367 cunr
1015 2317 1126 2368 senatus

72 2456 80 2465 s
154 2382 209 2491 Ᾰωῑέ·
222 2389 268 2448 die
280 2390 352 2447 inter
363 2395 477 2448 eeteros
487 2390 614 2448 venisset
625 2391 660 2450 ad
672 2392 790 2466 curiam,
806 2409 874 2450 xuun
886 2383 1048 2451 uulneribus
1061 2388 1137 2451 uun?

175 2500 178 2505 ·
202 2470 317 2531 ‘iussus
333 2478 386 2530 est.
889 2478 896 2486 '

422 2852 591 2921 tibuit
630 2853 924 2922 stantuna·

607 2983 712 2994 -

534 3055 823 3106 tuuuusnuutt.

248 3210 252 3215 .
273 3165 298 3218 1.
316 3163 447 3214 Interiectu
463 3164 528 3215 Iulia
543 3163 649 3215 Caesare
666 3164 732 3214 bella
750 3165 832 3215 civilia
848 3173 994 3229 reparantur
1010 3182 1065 3217 rem
1079 3181 1125 3234 pu-

220 3233 311 3284 blicam
327 3233 442 3282 turbante
458 3233 576 3287 Antonio.
601 3231 628 3284 2.
646 3233 769 3283 Antonius
786 3234 888 3298 fugatas
905 3233 1018 3300 confugit
1036 3234 1124 3287 adLe-

219 3303 316 3368 pidum,
335 3317 383 3365 quo
403 3315 504 3365 operam
522 3300 596 3351 dante
614 3300 760 3361 Octaviano,
779 3302 880 3351 ulterius
896 3304 974 3367 partis
992 3303 1068 3364 drusi,
1086 3319 1124 3353 re-

137 3394 141 3401 ,
221 3369 374 3424 eonuiliatur,
399 3369 501 3419 Illorum
517 3370 710 3420 triumviratus·
724 3367 808 3419 Cicero
826 3369 953 3420 occiditur.
982 3367 1010 3421 3.
1028 3370 1125 3422 Bellum

221 3437 328 3488 aBrute
347 3446 371 3488 et
388 3435 492 3500 Cassio,
518 3435 631 3488 caesana
648 3438 847 3502 percussoribus,
864 3446 958 3488 mutum
975 3439 1125 3504 illorumque
