<?xml version="1.0" encoding="UTF-8"?>
<!DOCTYPE html PUBLIC "-//W3C//DTD XHTML 1.0 Transitional//EN"
    "http://www.w3.org/TR/xhtml1/DTD/xhtml1-transitional.dtd">
<html xmlns="http://www.w3.org/1999/xhtml" xml:lang="en" lang="en">
 <head>
  <title>
</title>
<meta http-equiv="Content-Type" content="text/html;charset=utf-8" />
  <meta name='ocr-system' content='tesseract 3.04.00' />
  <meta name='ocr-capabilities' content='ocr_page ocr_carea ocr_par ocr_line ocrx_word'/>
</head>
<body>
  <div class='ocr_page' id='page_1' title='image "./breviariumhisto00eutrgoog_0084.png"; bbox 0 0 2362 4036; ppageno 0'>
   <div class='ocr_carea' id='block_1_1' title="bbox 517 200 1072 307">
    <p class='ocr_par' dir='ltr' id='par_1_1' title="bbox 517 200 1072 307">
     <span class='ocr_line' id='line_1_1' title="bbox 517 200 1072 307; baseline 0.002 -3"><span class='ocrx_word' id='word_1_1' title='bbox 517 200 650 304; x_wconf 37' lang='grc' dir='ltr'><strong>[ΣΙΒΕΒ</strong></span> <span class='ocrx_word' id='word_1_2' title='bbox 677 248 717 304; x_wconf 91' lang='lat' dir='ltr'>lll.</span> <span class='ocrx_word' id='word_1_3' title='bbox 1030 241 1072 307; x_wconf 76' lang='grc'>67</span> 
     </span>
    </p>
   </div>
   <div class='ocr_carea' id='block_1_2' title="bbox 78 408 1136 3392">
    <p class='ocr_par' dir='ltr' id='par_1_2' title="bbox 167 408 1136 823">
     <span class='ocr_line' id='line_1_2' title="bbox 186 408 1119 490; baseline 0.003 -24"><span class='ocrx_word' id='word_1_4' title='bbox 186 408 212 467; x_wconf 91' lang='lat' dir='ltr'>ir</span> <span class='ocrx_word' id='word_1_5' title='bbox 233 409 351 485; x_wconf 85' lang='lat' dir='ltr'>egregie</span> <span class='ocrx_word' id='word_1_6' title='bbox 375 417 498 469; x_wconf 90' lang='lat' dir='ltr'>moratus</span> <span class='ocrx_word' id='word_1_7' title='bbox 520 419 549 470; x_wconf 90' lang='lat' dir='ltr'>et</span> <span class='ocrx_word' id='word_1_8' title='bbox 573 410 760 488; x_wconf 87' lang='lat' dir='ltr'>reipublicae</span> <span class='ocrx_word' id='word_1_9' title='bbox 777 409 919 490; x_wconf 75' lang='lat' dir='ltr'><strong>gerendae</strong></span> <span class='ocrx_word' id='word_1_10' title='bbox 940 408 1071 471; x_wconf 86' lang='lat' dir='ltr'>idoneus.</span> <span class='ocrx_word' id='word_1_11' title='bbox 1093 421 1119 463; x_wconf 77' lang='grc' dir='ltr'>Ρ.</span> 
     </span>
     <span class='ocr_line' id='line_1_3' title="bbox 181 488 1136 570; baseline 0.002 -20"><span class='ocrx_word' id='word_1_12' title='bbox 181 490 245 550; x_wconf 87' lang='lat' dir='ltr'>lihil</span> <span class='ocrx_word' id='word_1_13' title='bbox 259 499 349 551; x_wconf 90' lang='lat' dir='ltr'>tamen</span> <span class='ocrx_word' id='word_1_14' title='bbox 360 491 463 552; x_wconf 89' lang='lat' dir='ltr'>clarum</span> <span class='ocrx_word' id='word_1_15' title='bbox 474 495 565 570; x_wconf 90' lang='lat' dir='ltr'>potuit</span> <span class='ocrx_word' id='word_1_16' title='bbox 576 495 727 555; x_wconf 84' lang='lat' dir='ltr'>ostendere</span> <span class='ocrx_word' id='word_1_17' title='bbox 742 496 812 556; x_wconf 89' lang='lat' dir='ltr'>intra</span> <span class='ocrx_word' id='word_1_18' title='bbox 822 505 931 554; x_wconf 86' lang='lat' dir='ltr'>sextum</span> <span class='ocrx_word' id='word_1_19' title='bbox 945 500 1069 553; x_wconf 87' lang='lat' dir='ltr'>inensem</span> <span class='ocrx_word' id='word_1_20' title='bbox 1080 488 1136 532; x_wconf 58' lang='grc' dir='ltr'>Μ·</span> 
     </span>
     <span class='ocr_line' id='line_1_4' title="bbox 177 557 1128 657; baseline 0.003 -25"><span class='ocrx_word' id='word_1_21' title='bbox 177 576 278 652; x_wconf 89' lang='lat' dir='ltr'>mperii</span> <span class='ocrx_word' id='word_1_22' title='bbox 293 584 381 634; x_wconf 90' lang='lat' dir='ltr'>morte</span> <span class='ocrx_word' id='word_1_23' title='bbox 396 585 573 653; x_wconf 84' lang='lat' dir='ltr'>praeventus.</span> <span class='ocrx_word' id='word_1_24' title='bbox 609 577 765 655; x_wconf 83' lang='lat' dir='ltr'>Florianus,</span> <span class='ocrx_word' id='word_1_25' title='bbox 784 581 832 657; x_wconf 90' lang='lat' dir='ltr'>qui</span> <span class='ocrx_word' id='word_1_26' title='bbox 844 578 942 639; x_wconf 85' lang='lat' dir='ltr'>Tacito</span> <span class='ocrx_word' id='word_1_27' title='bbox 953 593 1069 636; x_wconf 89' lang='lat' dir='ltr'>succes·</span> <span class='ocrx_word' id='word_1_28' title='bbox 1083 557 1128 601; x_wconf 76' lang='lat'>²⁷⁶·</span> 
     </span>
     <span class='ocr_line' id='line_1_5' title="bbox 168 657 1070 740; baseline 0.003 -24"><span class='ocrx_word' id='word_1_29' title='bbox 168 667 254 732; x_wconf 91' lang='lat' dir='ltr'>serat,</span> <span class='ocrx_word' id='word_1_30' title='bbox 268 657 376 717; x_wconf 85' lang='lat' dir='ltr'>duobus</span> <span class='ocrx_word' id='word_1_31' title='bbox 387 660 530 720; x_wconf 89' lang='lat' dir='ltr'>mensibus</span> <span class='ocrx_word' id='word_1_32' title='bbox 540 669 569 719; x_wconf 91' lang='lat' dir='ltr'>et</span> <span class='ocrx_word' id='word_1_33' title='bbox 579 659 677 722; x_wconf 89' lang='lat' dir='ltr'>diebus</span> <span class='ocrx_word' id='word_1_34' title='bbox 692 682 729 722; x_wconf 82' lang='lat' dir='ltr'>xx</span> <span class='ocrx_word' id='word_1_35' title='bbox 742 664 771 723; x_wconf 92' lang='lat' dir='ltr'>in</span> <span class='ocrx_word' id='word_1_36' title='bbox 782 664 900 740; x_wconf 90' lang='lat' dir='ltr'>imperio</span> <span class='ocrx_word' id='word_1_37' title='bbox 913 662 965 721; x_wconf 86' lang='lat' dir='ltr'>luit</span> <span class='ocrx_word' id='word_1_38' title='bbox 977 676 1070 738; x_wconf 88' lang='lat' dir='ltr'>nequo</span> 
     </span>
     <span class='ocr_line' id='line_1_6' title="bbox 167 742 661 823; baseline 0.014 -24"><span class='ocrx_word' id='word_1_39' title='bbox 167 743 317 820; x_wconf 87' lang='lat' dir='ltr'>quicquam</span> <span class='ocrx_word' id='word_1_40' title='bbox 328 742 440 820; x_wconf 88' lang='lat' dir='ltr'>dignum</span> <span class='ocrx_word' id='word_1_41' title='bbox 451 746 584 803; x_wconf 87' lang='lat' dir='ltr'>memoria</span> <span class='ocrx_word' id='word_1_42' title='bbox 595 747 661 823; x_wconf 90' lang='lat' dir='ltr'>egit.</span> 
     </span>
    </p>

    <p class='ocr_par' dir='ltr' id='par_1_3' title="bbox 163 824 1136 1988">
     <span class='ocr_line' id='line_1_7' title="bbox 234 824 1120 908; baseline 0 -21"><span class='ocrx_word' id='word_1_43' title='bbox 234 826 319 887; x_wconf 67' lang='lat' dir='ltr'>Cer.</span> <span class='ocrx_word' id='word_1_44' title='bbox 331 824 509 908; x_wconf 83' lang='lat' dir='ltr'>xv11.(xt.)</span> <span class='ocrx_word' id='word_1_45' title='bbox 532 826 600 888; x_wconf 89' lang='lat' dir='ltr'>Post</span> <span class='ocrx_word' id='word_1_46' title='bbox 611 831 683 889; x_wconf 86' lang='lat' dir='ltr'>lrunc</span> <span class='ocrx_word' id='word_1_47' title='bbox 693 827 811 904; x_wconf 89' lang='lat' dir='ltr'>Probus,</span> <span class='ocrx_word' id='word_1_48' title='bbox 823 829 867 886; x_wconf 87' lang='lat' dir='ltr'>vir</span> <span class='ocrx_word' id='word_1_49' title='bbox 878 826 992 888; x_wconf 87' lang='lat' dir='ltr'>illustris</span> <span class='ocrx_word' id='word_1_50' title='bbox 1008 825 1069 904; x_wconf 89' lang='lat' dir='ltr'>glo·</span> <span class='ocrx_word' id='word_1_51' title='bbox 1093 832 1120 873; x_wconf 74' lang='grc' dir='ltr'>Ρ·</span> 
     </span>
     <span class='ocr_line' id='line_1_8' title="bbox 165 899 1136 1010; baseline 0.001 -43"><span class='ocrx_word' id='word_1_52' title='bbox 165 909 208 967; x_wconf 88' lang='lat' dir='ltr'>ria</span> <span class='ocrx_word' id='word_1_53' title='bbox 232 907 357 984; x_wconf 75' lang='lat' dir='ltr'>militari,</span> <span class='ocrx_word' id='word_1_54' title='bbox 380 909 415 969; x_wconf 92' lang='lat' dir='ltr'>ad</span> <span class='ocrx_word' id='word_1_55' title='bbox 440 910 701 973; x_wconf 79' lang='lat' dir='ltr'>administrationem</span> <span class='ocrx_word' id='word_1_56' title='bbox 721 915 763 972; x_wconf 89' lang='lat' dir='ltr'>rei</span> <span class='ocrx_word' id='word_1_57' title='bbox 785 911 916 992; x_wconf 88' lang='lat' dir='ltr'>publicae</span> <span class='ocrx_word' id='word_1_58' title='bbox 937 911 1069 970; x_wconf 86' lang='lat' dir='ltr'>accessit.</span> <span class='ocrx_word' id='word_1_59' title='bbox 1080 899 1136 1010; x_wconf 52' lang='grc' dir='ltr'>οξ·</span> 
     </span>
     <span class='ocr_line' id='line_1_9' title="bbox 166 969 1129 1074; baseline 0.002 -25"><span class='ocrx_word' id='word_1_60' title='bbox 166 989 272 1050; x_wconf 84' lang='lat' dir='ltr'>Gallias</span> <span class='ocrx_word' id='word_1_61' title='bbox 288 1011 305 1051; x_wconf 95' lang='lat' dir='ltr'>a</span> <span class='ocrx_word' id='word_1_62' title='bbox 319 991 443 1052; x_wconf 87' lang='lat' dir='ltr'>barbaris</span> <span class='ocrx_word' id='word_1_63' title='bbox 458 1004 609 1071; x_wconf 90' lang='lat' dir='ltr'>occupatas</span> <span class='ocrx_word' id='word_1_64' title='bbox 625 998 732 1074; x_wconf 84' lang='lat' dir='ltr'>ingenti</span> <span class='ocrx_word' id='word_1_65' title='bbox 749 994 918 1073; x_wconf 85' lang='lat' dir='ltr'>proeliorum</span> <span class='ocrx_word' id='word_1_66' title='bbox 934 993 1071 1054; x_wconf 80' lang='lat' dir='ltr'>felicitate</span> <span class='ocrx_word' id='word_1_67' title='bbox 1082 969 1129 1010; x_wconf 56' lang='grc' dir='ltr'>Ἦ·</span> 
     </span>
     <span class='ocr_line' id='line_1_10' title="bbox 165 1074 1071 1157; baseline 0.004 -25"><span class='ocrx_word' id='word_1_68' title='bbox 165 1075 295 1136; x_wconf 90' lang='lat' dir='ltr'>restituit.</span> <span class='ocrx_word' id='word_1_69' title='bbox 329 1074 472 1148; x_wconf 81' lang='lat' dir='ltr'>Quosdam</span> <span class='ocrx_word' id='word_1_70' title='bbox 491 1080 636 1155; x_wconf 87' lang='lat' dir='ltr'>imperium</span> <span class='ocrx_word' id='word_1_71' title='bbox 653 1097 789 1157; x_wconf 81' lang='lat' dir='ltr'>usurpare</span> <span class='ocrx_word' id='word_1_72' title='bbox 806 1088 937 1154; x_wconf 88' lang='lat' dir='ltr'>conatos,</span> <span class='ocrx_word' id='word_1_73' title='bbox 960 1076 1071 1137; x_wconf 86' lang='lat' dir='ltr'>scilicet</span> 
     </span>
     <span class='ocr_line' id='line_1_11' title="bbox 166 1158 1068 1239; baseline 0.002 -23"><span class='ocrx_word' id='word_1_74' title='bbox 166 1158 341 1218; x_wconf 87' lang='lat' dir='ltr'>Saturninum</span> <span class='ocrx_word' id='word_1_75' title='bbox 352 1161 380 1218; x_wconf 89' lang='lat' dir='ltr'>in</span> <span class='ocrx_word' id='word_1_76' title='bbox 391 1159 515 1237; x_wconf 86' lang='lat' dir='ltr'>Oriente,</span> <span class='ocrx_word' id='word_1_77' title='bbox 533 1160 679 1222; x_wconf 80' lang='lat' dir='ltr'>Pnoculurn</span> <span class='ocrx_word' id='word_1_78' title='bbox 697 1161 1068 1239; x_wconf 80' lang='lat' dir='ltr'>etBonosumAgrippinac,</span> 
     </span>
     <span class='ocr_line' id='line_1_12' title="bbox 164 1240 1069 1322; baseline 0.003 -23"><span class='ocrx_word' id='word_1_79' title='bbox 164 1240 259 1300; x_wconf 90' lang='lat' dir='ltr'>multis</span> <span class='ocrx_word' id='word_1_80' title='bbox 275 1244 472 1303; x_wconf 79' lang='lat' dir='ltr'>certaminibus</span> <span class='ocrx_word' id='word_1_81' title='bbox 491 1249 647 1322; x_wconf 79' lang='lat' dir='ltr'>oppressit</span> <span class='ocrx_word' id='word_1_82' title='bbox 677 1248 784 1307; x_wconf 85' lang='lat' dir='ltr'>Vincas</span> <span class='ocrx_word' id='word_1_83' title='bbox 800 1245 896 1306; x_wconf 85' lang='lat' dir='ltr'>Gallos</span> <span class='ocrx_word' id='word_1_84' title='bbox 918 1255 947 1305; x_wconf 91' lang='lat' dir='ltr'>et</span> <span class='ocrx_word' id='word_1_85' title='bbox 962 1243 1069 1304; x_wconf 81' lang='lat' dir='ltr'>Panno·</span> 
     </span>
     <span class='ocr_line' id='line_1_13' title="bbox 165 1325 1070 1405; baseline 0.002 -22"><span class='ocrx_word' id='word_1_86' title='bbox 165 1327 229 1384; x_wconf 91' lang='lat' dir='ltr'>nios</span> <span class='ocrx_word' id='word_1_87' title='bbox 240 1326 345 1385; x_wconf 86' lang='lat' dir='ltr'>habere</span> <span class='ocrx_word' id='word_1_88' title='bbox 355 1330 490 1404; x_wconf 89' lang='lat' dir='ltr'>permisit.</span> <span class='ocrx_word' id='word_1_89' title='bbox 521 1328 615 1405; x_wconf 83' lang='lat' dir='ltr'>Opere</span> <span class='ocrx_word' id='word_1_90' title='bbox 626 1330 736 1389; x_wconf 87' lang='lat' dir='ltr'>militari</span> <span class='ocrx_word' id='word_1_91' title='bbox 746 1329 854 1389; x_wconf 73' lang='lat' dir='ltr'>Annam</span> <span class='ocrx_word' id='word_1_92' title='bbox 864 1338 986 1388; x_wconf 92' lang='lat' dir='ltr'>montem</span> <span class='ocrx_word' id='word_1_93' title='bbox 995 1325 1070 1404; x_wconf 91' lang='lat' dir='ltr'>apud</span> 
     </span>
     <span class='ocr_line' id='line_1_14' title="bbox 166 1408 1067 1488; baseline 0.001 -22"><span class='ocrx_word' id='word_1_94' title='bbox 166 1408 295 1468; x_wconf 91' lang='lat' dir='ltr'>Sirmium</span> <span class='ocrx_word' id='word_1_95' title='bbox 308 1418 336 1469; x_wconf 88' lang='lat' dir='ltr'>et</span> <span class='ocrx_word' id='word_1_96' title='bbox 346 1409 469 1468; x_wconf 80' lang='lat' dir='ltr'>Aureum</span> <span class='ocrx_word' id='word_1_97' title='bbox 481 1410 555 1487; x_wconf 90' lang='lat' dir='ltr'>apud</span> <span class='ocrx_word' id='word_1_98' title='bbox 565 1410 701 1470; x_wconf 76' lang='lat' dir='ltr'>Moesiam</span> <span class='ocrx_word' id='word_1_99' title='bbox 712 1414 888 1488; x_wconf 84' lang='lat' dir='ltr'>superiorem</span> <span class='ocrx_word' id='word_1_100' title='bbox 898 1412 988 1470; x_wconf 88' lang='lat' dir='ltr'>vineis</span> <span class='ocrx_word' id='word_1_101' title='bbox 1000 1424 1067 1468; x_wconf 89' lang='lat' dir='ltr'>con·</span> 
     </span>
     <span class='ocr_line' id='line_1_15' title="bbox 166 1491 1067 1570; baseline -0.001 -19"><span class='ocrx_word' id='word_1_102' title='bbox 166 1494 254 1552; x_wconf 88' lang='lat' dir='ltr'>seruit</span> <span class='ocrx_word' id='word_1_103' title='bbox 268 1501 298 1552; x_wconf 87' lang='lat' dir='ltr'>et</span> <span class='ocrx_word' id='word_1_104' title='bbox 308 1493 671 1570; x_wconf 79' lang='lat' dir='ltr'>provincialibuscolendas</span> <span class='ocrx_word' id='word_1_105' title='bbox 683 1493 772 1555; x_wconf 86' lang='lat' dir='ltr'>dedit.</span> <span class='ocrx_word' id='word_1_106' title='bbox 795 1493 848 1553; x_wconf 81' lang='lat' dir='ltr'>llic</span> <span class='ocrx_word' id='word_1_107' title='bbox 863 1511 926 1552; x_wconf 87' lang='lat' dir='ltr'>curn</span> <span class='ocrx_word' id='word_1_108' title='bbox 940 1491 1016 1551; x_wconf 89' lang='lat' dir='ltr'>bella</span> <span class='ocrx_word' id='word_1_109' title='bbox 1027 1492 1067 1551; x_wconf 93' lang='lat' dir='ltr'>in·</span> 
     </span>
     <span class='ocr_line' id='line_1_16' title="bbox 164 1578 1067 1656; baseline 0 -21"><span class='ocrx_word' id='word_1_110' title='bbox 164 1594 279 1636; x_wconf 86' lang='lat' dir='ltr'>nurnero</span> <span class='ocrx_word' id='word_1_111' title='bbox 290 1578 441 1655; x_wconf 78' lang='lat' dir='ltr'>gessisset,</span> <span class='ocrx_word' id='word_1_112' title='bbox 461 1594 532 1656; x_wconf 85' lang='lat' dir='ltr'>pace</span> <span class='ocrx_word' id='word_1_113' title='bbox 547 1587 642 1656; x_wconf 89' lang='lat' dir='ltr'>parata</span> <span class='ocrx_word' id='word_1_114' title='bbox 657 1578 726 1638; x_wconf 86' lang='lat' dir='ltr'>dixit</span> <span class='ocrx_word' id='word_1_115' title='bbox 738 1580 824 1639; x_wconf 79' lang='lat' dir='ltr'>breot‘</span> <span class='ocrx_word' id='word_1_116' title='bbox 838 1578 946 1638; x_wconf 82' lang='lat' dir='ltr'>milites</span> <span class='ocrx_word' id='word_1_117' title='bbox 960 1593 1067 1636; x_wconf 82' lang='lat' dir='ltr'>necee-</span> 
     </span>
     <span class='ocr_line' id='line_1_17' title="bbox 163 1658 1067 1739; baseline -0.002 -20"><span class='ocrx_word' id='word_1_118' title='bbox 163 1661 266 1720; x_wconf 79' lang='lat' dir='ltr'>nara’or</span> <span class='ocrx_word' id='word_1_119' title='bbox 280 1680 339 1721; x_wconf 82' lang='lat' dir='ltr'>non</span> <span class='ocrx_word' id='word_1_120' title='bbox 352 1661 481 1739; x_wconf 80' lang='lat' dir='ltr'>sciuros.</span> <span class='ocrx_word' id='word_1_121' title='bbox 512 1661 562 1720; x_wconf 86' lang='lat' dir='ltr'>Vir</span> <span class='ocrx_word' id='word_1_122' title='bbox 574 1679 657 1737; x_wconf 90' lang='lat' dir='ltr'>acer,</span> <span class='ocrx_word' id='word_1_123' title='bbox 681 1671 829 1737; x_wconf 86' lang='lat' dir='ltr'>strenuus,</span> <span class='ocrx_word' id='word_1_124' title='bbox 843 1663 947 1735; x_wconf 90' lang='lat' dir='ltr'>iustus,</span> <span class='ocrx_word' id='word_1_125' title='bbox 972 1666 1000 1717; x_wconf 89' lang='lat' dir='ltr'>et</span> <span class='ocrx_word' id='word_1_126' title='bbox 1018 1658 1067 1735; x_wconf 91' lang='lat' dir='ltr'>qui</span> 
     </span>
     <span class='ocr_line' id='line_1_18' title="bbox 164 1740 1066 1823; baseline 0.001 -23"><span class='ocrx_word' id='word_1_127' title='bbox 164 1740 342 1804; x_wconf 82' lang='lat' dir='ltr'>Aurelianum</span> <span class='ocrx_word' id='word_1_128' title='bbox 360 1753 494 1822; x_wconf 89' lang='lat' dir='ltr'>aequaret</span> <span class='ocrx_word' id='word_1_129' title='bbox 507 1744 598 1823; x_wconf 88' lang='lat' dir='ltr'>gloria</span> <span class='ocrx_word' id='word_1_130' title='bbox 614 1745 737 1822; x_wconf 85' lang='lat' dir='ltr'>militari,</span> <span class='ocrx_word' id='word_1_131' title='bbox 758 1753 966 1805; x_wconf 89' lang='lat' dir='ltr'>morumautcm</span> <span class='ocrx_word' id='word_1_132' title='bbox 977 1740 1066 1803; x_wconf 84' lang='lat' dir='ltr'>civili·</span> 
     </span>
     <span class='ocr_line' id='line_1_19' title="bbox 164 1823 1115 1903; baseline 0.002 -21"><span class='ocrx_word' id='word_1_133' title='bbox 164 1832 223 1882; x_wconf 84' lang='lat' dir='ltr'>tate</span> <span class='ocrx_word' id='word_1_134' title='bbox 234 1836 387 1903; x_wconf 82' lang='lat' dir='ltr'>snpemret.</span> <span class='ocrx_word' id='word_1_135' title='bbox 410 1827 579 1887; x_wconf 81' lang='lat' dir='ltr'>Interiectus</span> <span class='ocrx_word' id='word_1_136' title='bbox 594 1837 639 1887; x_wconf 91' lang='lat' dir='ltr'>est</span> <span class='ocrx_word' id='word_1_137' title='bbox 654 1837 748 1888; x_wconf 85' lang='lat' dir='ltr'>tamen</span> <span class='ocrx_word' id='word_1_138' title='bbox 757 1829 850 1888; x_wconf 87' lang='lat' dir='ltr'>Sirmii</span> <span class='ocrx_word' id='word_1_139' title='bbox 860 1826 976 1887; x_wconf 91' lang='lat' dir='ltr'>tumultu</span> <span class='ocrx_word' id='word_1_140' title='bbox 993 1823 1064 1885; x_wconf 90' lang='lat' dir='ltr'>mili·</span> <span class='ocrx_word' id='word_1_141' title='bbox 1087 1843 1115 1885; x_wconf 78' lang='lat' dir='ltr'>r.</span> 
     </span>
     <span class='ocr_line' id='line_1_20' title="bbox 163 1906 1132 1988; baseline 0.003 -22"><span class='ocrx_word' id='word_1_142' title='bbox 163 1908 219 1966; x_wconf 88' lang='lat' dir='ltr'>tari</span> <span class='ocrx_word' id='word_1_143' title='bbox 231 1906 342 1967; x_wconf 82' lang='lat' dir='ltr'>intumi</span> <span class='ocrx_word' id='word_1_144' title='bbox 355 1909 464 1969; x_wconf 81' lang='lat' dir='ltr'>ierratn.</span> <span class='ocrx_word' id='word_1_145' title='bbox 490 1909 641 1988; x_wconf 82' lang='lat' dir='ltr'>lmperavit</span> <span class='ocrx_word' id='word_1_146' title='bbox 650 1929 737 1972; x_wconf 88' lang='lat' dir='ltr'>annos</span> <span class='ocrx_word' id='word_1_147' title='bbox 748 1931 791 1986; x_wconf 81' lang='lat' dir='ltr'>an,</span> <span class='ocrx_word' id='word_1_148' title='bbox 805 1929 918 1969; x_wconf 89' lang='lat' dir='ltr'>menses</span> <span class='ocrx_word' id='word_1_149' title='bbox 936 1918 1065 1987; x_wconf 72' lang='lat' dir='ltr'>quatum.</span> <span class='ocrx_word' id='word_1_150' title='bbox 1076 1911 1132 1955; x_wconf 79' lang='lat' dir='ltr'>cm.</span> 
     </span>
    </p>

    <p class='ocr_par' dir='ltr' id='par_1_4' title="bbox 78 1982 1123 2080">
     <span class='ocr_line' id='line_1_21' title="bbox 78 1982 1123 2080; baseline 0.001 -30"><span class='ocrx_word' id='word_1_151' title='bbox 78 2055 79 2064; x_wconf 10' lang='grc' dir='ltr'>χ</span> <span class='ocrx_word' id='word_1_152' title='bbox 228 1990 541 2071; x_wconf 78' lang='lat' dir='ltr'>cnn.xvlll.(xt1.)</span> <span class='ocrx_word' id='word_1_153' title='bbox 566 1993 635 2054; x_wconf 86' lang='lat' dir='ltr'>Post</span> <span class='ocrx_word' id='word_1_154' title='bbox 654 1997 726 2080; x_wconf 80' lang='lat' dir='ltr'>lnrpe</span> <span class='ocrx_word' id='word_1_155' title='bbox 738 1993 826 2054; x_wconf 81' lang='lat' dir='ltr'>Carus</span> <span class='ocrx_word' id='word_1_156' title='bbox 844 2003 888 2052; x_wconf 92' lang='lat' dir='ltr'>est</span> <span class='ocrx_word' id='word_1_157' title='bbox 907 1982 1123 2052; x_wconf 62' lang='lat' dir='ltr'>factumn-²³²</span> 
     </span>
    </p>

    <p class='ocr_par' dir='ltr' id='par_1_5' title="bbox 78 2073 1066 2158">
     <span class='ocr_line' id='line_1_22' title="bbox 78 2073 1066 2158; baseline 0.002 -25"><span class='ocrx_word' id='word_1_158' title='bbox 78 2075 79 2143; x_wconf 64' lang='grc' dir='ltr'>ζ</span> <span class='ocrx_word' id='word_1_159' title='bbox 151 2083 274 2152; x_wconf 74' lang='lat' dir='ltr'>gustus,</span> <span class='ocrx_word' id='word_1_160' title='bbox 296 2074 429 2135; x_wconf 87' lang='lat' dir='ltr'>Narbone</span> <span class='ocrx_word' id='word_1_161' title='bbox 447 2082 529 2136; x_wconf 85' lang='lat' dir='ltr'>natus</span> <span class='ocrx_word' id='word_1_162' title='bbox 545 2080 574 2137; x_wconf 91' lang='lat' dir='ltr'>in</span> <span class='ocrx_word' id='word_1_163' title='bbox 589 2077 689 2155; x_wconf 79' lang='lat' dir='ltr'>Gallia,</span> <span class='ocrx_word' id='word_1_164' title='bbox 713 2080 762 2158; x_wconf 91' lang='lat' dir='ltr'>qui</span> <span class='ocrx_word' id='word_1_165' title='bbox 777 2077 924 2138; x_wconf 78' lang='lat' dir='ltr'>confestim</span> <span class='ocrx_word' id='word_1_166' title='bbox 937 2073 1066 2135; x_wconf 81' lang='lat' dir='ltr'>Carinum</span> 
     </span>
    </p>

    <p class='ocr_par' dir='ltr' id='par_1_6' title="bbox 78 2157 1067 2239">
     <span class='ocr_line' id='line_1_23' title="bbox 78 2157 1067 2239; baseline -0.006 -17"><span class='ocrx_word' id='word_1_167' title='bbox 78 2159 79 2222; x_wconf 54' lang='grc' dir='ltr'>ζ</span> <span class='ocrx_word' id='word_1_168' title='bbox 165 2167 195 2217; x_wconf 88' lang='lat' dir='ltr'>et</span> <span class='ocrx_word' id='word_1_169' title='bbox 205 2157 400 2218; x_wconf 87' lang='lat' dir='ltr'>Numerianum</span> <span class='ocrx_word' id='word_1_170' title='bbox 410 2160 483 2220; x_wconf 89' lang='lat' dir='ltr'>lilios</span> <span class='ocrx_word' id='word_1_171' title='bbox 495 2159 631 2221; x_wconf 78' lang='lat' dir='ltr'>Caesares</span> <span class='ocrx_word' id='word_1_172' title='bbox 643 2161 731 2239; x_wconf 83' lang='lat' dir='ltr'>lecit,</span> <span class='ocrx_word' id='word_1_173' title='bbox 755 2179 817 2220; x_wconf 90' lang='lat' dir='ltr'>cnm</span> <span class='ocrx_word' id='word_1_174' title='bbox 828 2158 1067 2238; x_wconf 82' lang='lat' dir='ltr'>quibusregnauit</span> 
     </span>
    </p>

    <p class='ocr_par' dir='ltr' id='par_1_7' title="bbox 78 2241 1130 2573">
     <span class='ocr_line' id='line_1_24' title="bbox 78 2241 1065 2319; baseline 0 -19"><span class='ocrx_word' id='word_1_175' title='bbox 78 2272 79 2294; x_wconf 64' lang='lat' dir='ltr'>r</span> <span class='ocrx_word' id='word_1_176' title='bbox 164 2241 274 2301; x_wconf 92' lang='lat' dir='ltr'>duobus</span> <span class='ocrx_word' id='word_1_177' title='bbox 288 2245 375 2305; x_wconf 82' lang='lat' dir='ltr'>annis.</span> <span class='ocrx_word' id='word_1_178' title='bbox 406 2243 465 2304; x_wconf 89' lang='lat' dir='ltr'>Sed</span> <span class='ocrx_word' id='word_1_179' title='bbox 476 2245 539 2304; x_wconf 91' lang='lat' dir='ltr'>dum</span> <span class='ocrx_word' id='word_1_180' title='bbox 553 2245 658 2304; x_wconf 89' lang='lat' dir='ltr'>bellum</span> <span class='ocrx_word' id='word_1_181' title='bbox 669 2244 815 2304; x_wconf 85' lang='lat' dir='ltr'>adversum</span> <span class='ocrx_word' id='word_1_182' title='bbox 826 2245 964 2305; x_wconf 85' lang='lat' dir='ltr'>Sarmatas</span> <span class='ocrx_word' id='word_1_183' title='bbox 980 2242 1065 2319; x_wconf 88' lang='lat' dir='ltr'>gerit,</span> 
     </span>
     <span class='ocr_line' id='line_1_25' title="bbox 154 2326 1114 2406; baseline 0.006 -22"><span class='ocrx_word' id='word_1_184' title='bbox 154 2328 286 2385; x_wconf 89' lang='lat' dir='ltr'>nuntiato</span> <span class='ocrx_word' id='word_1_185' title='bbox 302 2326 446 2387; x_wconf 91' lang='lat' dir='ltr'>Persarum</span> <span class='ocrx_word' id='word_1_186' title='bbox 456 2328 572 2389; x_wconf 90' lang='lat' dir='ltr'>tumultu</span> <span class='ocrx_word' id='word_1_187' title='bbox 584 2327 618 2388; x_wconf 93' lang='lat' dir='ltr'>ad</span> <span class='ocrx_word' id='word_1_188' title='bbox 629 2327 772 2389; x_wconf 79' lang='lat' dir='ltr'>Orientem</span> <span class='ocrx_word' id='word_1_189' title='bbox 783 2328 928 2406; x_wconf 86' lang='lat' dir='ltr'>proiectus</span> <span class='ocrx_word' id='word_1_190' title='bbox 939 2343 986 2384; x_wconf 88' lang='lat' dir='ltr'>res</span> <span class='ocrx_word' id='word_1_191' title='bbox 998 2341 1065 2384; x_wconf 87' lang='lat' dir='ltr'>con·</span> <span class='ocrx_word' id='word_1_192' title='bbox 1087 2349 1114 2390; x_wconf 80' lang='lat' dir='ltr'>n.</span> 
     </span>
     <span class='ocr_line' id='line_1_26' title="bbox 162 2408 1130 2490; baseline -0.002 -21"><span class='ocrx_word' id='word_1_193' title='bbox 162 2418 205 2470; x_wconf 89' lang='lat' dir='ltr'>tra</span> <span class='ocrx_word' id='word_1_194' title='bbox 218 2408 319 2471; x_wconf 89' lang='lat' dir='ltr'>Persas</span> <span class='ocrx_word' id='word_1_195' title='bbox 330 2409 440 2471; x_wconf 90' lang='lat' dir='ltr'>nobiles</span> <span class='ocrx_word' id='word_1_196' title='bbox 449 2414 549 2490; x_wconf 83' lang='lat' dir='ltr'>gessit</span> <span class='ocrx_word' id='word_1_197' title='bbox 571 2410 654 2490; x_wconf 87' lang='lat' dir='ltr'>lpsos</span> <span class='ocrx_word' id='word_1_198' title='bbox 666 2412 777 2489; x_wconf 84' lang='lat' dir='ltr'>proelio</span> <span class='ocrx_word' id='word_1_199' title='bbox 787 2412 867 2472; x_wconf 88' lang='lat' dir='ltr'>ludit.</span> <span class='ocrx_word' id='word_1_200' title='bbox 901 2409 1017 2470; x_wconf 86' lang='lat' dir='ltr'>Cochen</span> <span class='ocrx_word' id='word_1_201' title='bbox 1031 2417 1061 2468; x_wconf 91' lang='lat' dir='ltr'>et</span> <span class='ocrx_word' id='word_1_202' title='bbox 1076 2418 1130 2460; x_wconf 72' lang='lat' dir='ltr'>cti·</span> 
     </span>
     <span class='ocr_line' id='line_1_27' title="bbox 165 2487 1118 2573; baseline 0 -20"><span class='ocrx_word' id='word_1_203' title='bbox 165 2491 386 2573; x_wconf 82' lang='lat' dir='ltr'>Ctesiphontem,</span> <span class='ocrx_word' id='word_1_204' title='bbox 408 2494 705 2569; x_wconf 86' lang='lat' dir='ltr'>urhesnobilissirnas,</span> <span class='ocrx_word' id='word_1_205' title='bbox 728 2497 814 2571; x_wconf 89' lang='lat' dir='ltr'>cepit.</span> <span class='ocrx_word' id='word_1_206' title='bbox 847 2493 957 2554; x_wconf 83' lang='lat' dir='ltr'>Etcum</span> <span class='ocrx_word' id='word_1_207' title='bbox 972 2501 1063 2553; x_wconf 91' lang='lat' dir='ltr'>castra</span> <span class='ocrx_word' id='word_1_208' title='bbox 1072 2487 1118 2528; x_wconf 54' lang='grc' dir='ltr'>Ν·</span> 
     </span>
    </p>

    <p class='ocr_par' dir='ltr' id='par_1_8' title="bbox 78 2575 1065 2655">
     <span class='ocr_line' id='line_1_28' title="bbox 78 2575 1065 2655; baseline -0.002 -19"><span class='ocrx_word' id='word_1_209' title='bbox 78 2585 79 2608; x_wconf 79' lang='lat'>³</span> <span class='ocrx_word' id='word_1_210' title='bbox 164 2595 248 2655; x_wconf 91' lang='lat' dir='ltr'>supra</span> <span class='ocrx_word' id='word_1_211' title='bbox 259 2576 400 2655; x_wconf 82' lang='lat' dir='ltr'>Tigridem</span> <span class='ocrx_word' id='word_1_212' title='bbox 412 2578 538 2654; x_wconf 84' lang='lat' dir='ltr'>haberet,</span> <span class='ocrx_word' id='word_1_213' title='bbox 550 2581 607 2638; x_wconf 91' lang='lat' dir='ltr'>ictu</span> <span class='ocrx_word' id='word_1_214' title='bbox 619 2578 703 2638; x_wconf 73' lang='lat' dir='ltr'>dimni</span> <span class='ocrx_word' id='word_1_215' title='bbox 716 2576 837 2637; x_wconf 80' lang='lat' dir='ltr'>fulminis</span> <span class='ocrx_word' id='word_1_216' title='bbox 848 2579 940 2654; x_wconf 87' lang='lat' dir='ltr'>periit.</span> <span class='ocrx_word' id='word_1_217' title='bbox 961 2575 1065 2635; x_wconf 88' lang='lat' dir='ltr'>Nume-</span> 
     </span>
    </p>

    <p class='ocr_par' dir='ltr' id='par_1_9' title="bbox 78 2656 1119 2905">
     <span class='ocr_line' id='line_1_29' title="bbox 78 2656 1119 2741; baseline -0.003 -20"><span class='ocrx_word' id='word_1_218' title='bbox 78 2704 79 2708; x_wconf 65' lang='lat'>,</span> <span class='ocrx_word' id='word_1_219' title='bbox 163 2663 256 2721; x_wconf 91' lang='lat' dir='ltr'>rianus</span> <span class='ocrx_word' id='word_1_220' title='bbox 272 2677 396 2739; x_wconf 92' lang='lat' dir='ltr'>quoque,</span> <span class='ocrx_word' id='word_1_221' title='bbox 410 2661 482 2720; x_wconf 88' lang='lat' dir='ltr'>lilius</span> <span class='ocrx_word' id='word_1_222' title='bbox 496 2664 569 2739; x_wconf 90' lang='lat' dir='ltr'>eius,</span> <span class='ocrx_word' id='word_1_223' title='bbox 586 2680 670 2741; x_wconf 88' lang='lat' dir='ltr'>quem</span> <span class='ocrx_word' id='word_1_224' title='bbox 680 2678 777 2720; x_wconf 91' lang='lat' dir='ltr'>secum</span> <span class='ocrx_word' id='word_1_225' title='bbox 789 2658 938 2719; x_wconf 83' lang='lat' dir='ltr'>Gaesarem</span> <span class='ocrx_word' id='word_1_226' title='bbox 953 2656 987 2718; x_wconf 93' lang='lat' dir='ltr'>ad</span> <span class='ocrx_word' id='word_1_227' title='bbox 998 2657 1064 2718; x_wconf 90' lang='lat' dir='ltr'>Per·</span> <span class='ocrx_word' id='word_1_228' title='bbox 1115 2734 1119 2741; x_wconf 25' lang='grc' dir='ltr'>ι</span> 
     </span>
     <span class='ocr_line' id='line_1_30' title="bbox 164 2740 1065 2824; baseline -0.006 -20"><span class='ocrx_word' id='word_1_229' title='bbox 164 2762 210 2804; x_wconf 90' lang='lat' dir='ltr'>sas</span> <span class='ocrx_word' id='word_1_230' title='bbox 222 2744 353 2820; x_wconf 81' lang='lat' dir='ltr'>duxerat,</span> <span class='ocrx_word' id='word_1_231' title='bbox 372 2743 539 2805; x_wconf 89' lang='lat' dir='ltr'>adolescens</span> <span class='ocrx_word' id='word_1_232' title='bbox 555 2747 691 2824; x_wconf 85' lang='lat' dir='ltr'>egregiae</span> <span class='ocrx_word' id='word_1_233' title='bbox 706 2741 823 2819; x_wconf 88' lang='lat' dir='ltr'>indolis,</span> <span class='ocrx_word' id='word_1_234' title='bbox 845 2759 908 2801; x_wconf 89' lang='lat' dir='ltr'>cum</span> <span class='ocrx_word' id='word_1_235' title='bbox 919 2740 1065 2800; x_wconf 90' lang='lat' dir='ltr'>oculorum</span> 
     </span>
     <span class='ocr_line' id='line_1_31' title="bbox 163 2823 1112 2905; baseline -0.004 -19"><span class='ocrx_word' id='word_1_236' title='bbox 163 2827 263 2887; x_wconf 89' lang='lat' dir='ltr'>dolore</span> <span class='ocrx_word' id='word_1_237' title='bbox 274 2836 423 2905; x_wconf 86' lang='lat' dir='ltr'>correptus</span> <span class='ocrx_word' id='word_1_238' title='bbox 439 2829 466 2888; x_wconf 90' lang='lat' dir='ltr'>in</span> <span class='ocrx_word' id='word_1_239' title='bbox 480 2827 611 2890; x_wconf 86' lang='lat' dir='ltr'>lecticula</span> <span class='ocrx_word' id='word_1_240' title='bbox 624 2829 789 2903; x_wconf 73' lang='lat' dir='ltr'>velleretur,</span> <span class='ocrx_word' id='word_1_241' title='bbox 807 2825 961 2903; x_wconf 90' lang='lat' dir='ltr'>impulsore</span> <span class='ocrx_word' id='word_1_242' title='bbox 971 2823 1063 2902; x_wconf 81' lang='lat' dir='ltr'>Apro,</span> <span class='ocrx_word' id='word_1_243' title='bbox 1086 2855 1112 2897; x_wconf 64' lang='lat' dir='ltr'>p,</span> 
     </span>
    </p>

    <p class='ocr_par' dir='ltr' id='par_1_10' title="bbox 78 2906 1129 3243">
     <span class='ocr_line' id='line_1_32' title="bbox 78 2906 1129 2991; baseline -0.006 -19"><span class='ocrx_word' id='word_1_244' title='bbox 78 2954 79 2961; x_wconf 20' lang='grc' dir='ltr'><strong>κ</strong></span> <span class='ocrx_word' id='word_1_245' title='bbox 164 2913 211 2991; x_wconf 91' lang='lat' dir='ltr'>qul</span> <span class='ocrx_word' id='word_1_246' title='bbox 223 2928 307 2972; x_wconf 90' lang='lat' dir='ltr'>socer</span> <span class='ocrx_word' id='word_1_247' title='bbox 322 2915 383 2971; x_wconf 90' lang='lat' dir='ltr'>eius</span> <span class='ocrx_word' id='word_1_248' title='bbox 395 2920 463 2987; x_wconf 92' lang='lat' dir='ltr'>erat,</span> <span class='ocrx_word' id='word_1_249' title='bbox 482 2928 536 2990; x_wconf 89' lang='lat' dir='ltr'>per</span> <span class='ocrx_word' id='word_1_250' title='bbox 546 2913 660 2973; x_wconf 88' lang='lat' dir='ltr'>insidias</span> <span class='ocrx_word' id='word_1_251' title='bbox 671 2912 785 2972; x_wconf 90' lang='lat' dir='ltr'>occisus</span> <span class='ocrx_word' id='word_1_252' title='bbox 797 2918 851 2971; x_wconf 90' lang='lat' dir='ltr'>est.</span> <span class='ocrx_word' id='word_1_253' title='bbox 871 2908 982 2969; x_wconf 86' lang='lat' dir='ltr'>Etcum</span> <span class='ocrx_word' id='word_1_254' title='bbox 995 2906 1129 2968; x_wconf 77' lang='lat' dir='ltr'>dolonn.</span> 
     </span>
     <span class='ocr_line' id='line_1_33' title="bbox 163 2992 1126 3076; baseline 0 -25"><span class='ocrx_word' id='word_1_255' title='bbox 163 2995 351 3055; x_wconf 84' lang='lat' dir='ltr'>occultaretur</span> <span class='ocrx_word' id='word_1_256' title='bbox 364 2997 453 3073; x_wconf 91' lang='lat' dir='ltr'>ipsius</span> <span class='ocrx_word' id='word_1_257' title='bbox 464 3011 550 3074; x_wconf 90' lang='lat' dir='ltr'>mors,</span> <span class='ocrx_word' id='word_1_258' title='bbox 566 3013 715 3076; x_wconf 84' lang='lat' dir='ltr'>quousque</span> <span class='ocrx_word' id='word_1_259' title='bbox 725 2994 803 3075; x_wconf 72' lang='lat' dir='ltr'>Aper</span> <span class='ocrx_word' id='word_1_260' title='bbox 817 2992 949 3054; x_wconf 85' lang='lat' dir='ltr'>invadere</span> <span class='ocrx_word' id='word_1_261' title='bbox 964 3000 1064 3072; x_wconf 67' lang='lat' dir='ltr'>possm</span> <span class='ocrx_word' id='word_1_262' title='bbox 1079 2992 1126 3034; x_wconf 60' lang='grc' dir='ltr'>Μ</span> 
     </span>
     <span class='ocr_line' id='line_1_34' title="bbox 161 3075 1062 3158; baseline -0.003 -20"><span class='ocrx_word' id='word_1_263' title='bbox 161 3080 324 3158; x_wconf 86' lang='lat' dir='ltr'>imperium,</span> <span class='ocrx_word' id='word_1_264' title='bbox 347 3079 458 3138; x_wconf 88' lang='lat' dir='ltr'>ioetore</span> <span class='ocrx_word' id='word_1_265' title='bbox 480 3079 623 3140; x_wconf 83' lang='lat' dir='ltr'>cadaveris</span> <span class='ocrx_word' id='word_1_266' title='bbox 640 3079 749 3158; x_wconf 87' lang='lat' dir='ltr'>prodita</span> <span class='ocrx_word' id='word_1_267' title='bbox 768 3087 821 3138; x_wconf 87' lang='lat' dir='ltr'>est.</span> <span class='ocrx_word' id='word_1_268' title='bbox 851 3075 955 3136; x_wconf 83' lang='lat' dir='ltr'>llilites</span> <span class='ocrx_word' id='word_1_269' title='bbox 978 3078 1062 3149; x_wconf 87' lang='lat' dir='ltr'>enirn,</span> 
     </span>
     <span class='ocr_line' id='line_1_35' title="bbox 165 3157 1064 3243; baseline -0.006 -21"><span class='ocrx_word' id='word_1_270' title='bbox 165 3165 214 3243; x_wconf 93' lang='lat' dir='ltr'>qui</span> <span class='ocrx_word' id='word_1_271' title='bbox 230 3163 502 3242; x_wconf 83' lang='lat' dir='ltr'>consequebantur,</span> <span class='ocrx_word' id='word_1_272' title='bbox 517 3162 629 3224; x_wconf 86' lang='lat' dir='ltr'>ioetorc</span> <span class='ocrx_word' id='word_1_273' title='bbox 640 3166 772 3223; x_wconf 86' lang='lat' dir='ltr'>commoti</span> <span class='ocrx_word' id='word_1_274' title='bbox 784 3161 904 3222; x_wconf 89' lang='lat' dir='ltr'>diductis</span> <span class='ocrx_word' id='word_1_275' title='bbox 915 3157 1064 3220; x_wconf 70' lang='lat' dir='ltr'>lecticulae</span> 
     </span>
    </p>

    <p class='ocr_par' dir='ltr' id='par_1_11' title="bbox 78 3236 1121 3392">
     <span class='ocr_line' id='line_1_36' title="bbox 78 3236 1121 3331; baseline -0.006 -25"><span class='ocrx_word' id='word_1_276' title='bbox 78 3236 99 3284; x_wconf 50' lang='grc' dir='ltr'><strong><em>ἵ</em></strong></span> <span class='ocrx_word' id='word_1_277' title='bbox 164 3244 257 3327; x_wconf 89' lang='lat' dir='ltr'>palliis</span> <span class='ocrx_word' id='word_1_278' title='bbox 272 3257 338 3326; x_wconf 92' lang='lat' dir='ltr'>post</span> <span class='ocrx_word' id='word_1_279' title='bbox 355 3246 462 3326; x_wconf 89' lang='lat' dir='ltr'>aliquot</span> <span class='ocrx_word' id='word_1_280' title='bbox 477 3245 539 3307; x_wconf 87' lang='lat' dir='ltr'>dies</span> <span class='ocrx_word' id='word_1_281' title='bbox 559 3256 677 3308; x_wconf 86' lang='lat' dir='ltr'>mortem</span> <span class='ocrx_word' id='word_1_282' title='bbox 698 3249 760 3307; x_wconf 87' lang='lat' dir='ltr'>cius</span> <span class='ocrx_word' id='word_1_283' title='bbox 776 3254 869 3306; x_wconf 84' lang='lat' dir='ltr'>notam</span> <span class='ocrx_word' id='word_1_284' title='bbox 887 3242 992 3303; x_wconf 86' lang='lat' dir='ltr'>habere</span> <span class='ocrx_word' id='word_1_285' title='bbox 1011 3258 1063 3321; x_wconf 92' lang='lat' dir='ltr'>po·</span> <span class='ocrx_word' id='word_1_286' title='bbox 1115 3322 1121 3331; x_wconf 25' lang='grc' dir='ltr'>ἱ</span> 
     </span>
     <span class='ocr_line' id='line_1_37' title="bbox 161 3339 283 3392; baseline -0.025 0"><span class='ocrx_word' id='word_1_287' title='bbox 161 3339 283 3392; x_wconf 84' lang='lat' dir='ltr'>tuemur.</span> 
     </span>
    </p>
   </div>
   <div class='ocr_carea' id='block_1_3' title="bbox 224 3405 1062 3554">
    <p class='ocr_par' dir='ltr' id='par_1_12' title="bbox 224 3405 1062 3554">
     <span class='ocr_line' id='line_1_38' title="bbox 224 3405 1062 3554; baseline -0.005 -78"><span class='ocrx_word' id='word_1_288' title='bbox 224 3413 312 3476; x_wconf 77' lang='lat' dir='ltr'>cer.</span> <span class='ocrx_word' id='word_1_289' title='bbox 327 3411 403 3477; x_wconf 70' lang='lat' dir='ltr'>xlx</span> <span class='ocrx_word' id='word_1_290' title='bbox 426 3411 537 3476; x_wconf 81' lang='lat' dir='ltr'>luteres</span> <span class='ocrx_word' id='word_1_291' title='bbox 547 3410 675 3494; x_wconf 75' lang='lat' dir='ltr'>Carinus,</span> <span class='ocrx_word' id='word_1_292' title='bbox 697 3431 781 3493; x_wconf 88' lang='lat' dir='ltr'>quem</span> <span class='ocrx_word' id='word_1_293' title='bbox 792 3405 1062 3554; x_wconf 55' lang='lat' dir='ltr'>GaesasrepradPer·</span> 
     </span>
    </p>
   </div>
   <div class='ocr_carea' id='block_1_4' title="bbox 0 0 1186 4036">
    <p class='ocr_par' dir='ltr' id='par_1_13' title="bbox 0 0 1186 4036">
     <span class='ocr_line' id='line_1_39' title="bbox 0 0 1186 4036; baseline 0 2"><span class='ocrx_word' id='word_1_294' title='bbox 0 0 1186 4036; x_wconf 95' lang='lat' dir='ltr'> </span> 
     </span>
    </p>
   </div>
  </div>
 </body>
</html>
