2362 4036
242 112 284 177 22
586 112 808 172 uurnorrr
915 90 918 95 ’

241 287 286 338 tes
299 277 327 336 in
338 274 509 338 deditionem
519 278 647 356 accepit
661 295 730 338 xxvi
742 278 921 355 expugnarit
938 274 981 337 lta
992 281 1075 340 omni
1085 280 1146 347 Sici

242 361 279 420 ira
290 369 416 438 recepta
435 359 715 434 macedonianorum,
739 379 802 421 cum
813 360 1147 438 mgenriglorraltomn

174 436 392 520 A··¹¹··1·cgressus
411 452 464 503 est.
494 442 657 505 Hannibal
649 462 676 502 m
691 442 770 503 ltalia
790 442 841 504 (ln.
857 443 986 504 Fulvium
1003 446 1146 507 consulem

145 560 148 564 ·
185 503 333 610 “fsubito
355 538 509 605 aggressus
529 545 592 586 curn
611 535 677 587 ooto
696 526 807 586 milibus
830 527 971 587 bominum
994 529 1147 590 interfecit

290 611 388 674 ’.Οιι
406 612 468 672 XV.
486 610 568 689 (IX.)
600 608 710 669 Interea
731 610 766 670 ad
783 610 948 687 Hispanias,
975 603 1025 671 nbi
1048 615 1148 673 occisis

240 694 350 754 duobus
367 695 548 772 Scipionibus
563 693 654 753 nullus
666 693 808 753 Romanus
830 693 886 752 dux
902 704 977 770 erat,
994 693 1027 754 P.
1047 695 1147 757 Corne

174 804 228 848 ιο
239 777 294 838 lius
306 779 403 855 Scipio
414 780 538 852 mittitur,
559 774 672 837 siliusP.
686 778 845 855 Scipionis,
865 777 1032 853 quiibidem
1047 780 1149 841 bellum

180 873 226 914 sn
238 870 383 947 gesserat,
406 878 492 920 annos
508 869 589 920 natus
602 868 721 937 quatuor
733 869 761 919 et
771 862 884 937 viginti,
905 863 948 918 vir
959 860 1181 923 Romanoruu'
1180 897 1181 946 p

95 1000 98 1005 ,
240 948 360 1005 omnium
380 953 408 1002 et
424 962 474 1002 sua
491 952 582 1002 aetate
600 952 628 1001 et
640 945 792 1042 posteriori
808 954 937 1021 tempore
954 944 1017 1005 iere
1034 949 1181 1024 primus
1180 999 1181 1016 ,

66 1062 69 1066 ,
172 1056 228 1098 Au
239 1026 268 1086 ls
281 1027 476 1101 Carthaginem
488 1025 637 1101 Hispaniae
651 1028 740 1103 capit
758 1046 785 1085 rm
797 1045 851 1105 qua
865 1045 947 1086 omne
958 1046 1059 1089 aurum
1071 1039 1149 1090 etur

144 1154 147 1161 .
178 1124 224 1164 sm.
238 1119 353 1187 gentum
372 1117 402 1167 et
421 1108 489 1168 belli
512 1118 679 1185 apparatum·
694 1110 756 1169 Afri
776 1109 931 1185 habebunt,
956 1111 1150 1172 nobilissimos

239 1209 354 1272 quoquc
365 1192 493 1270 obsides,
510 1207 583 1270 quos
598 1193 633 1252 ab
648 1192 780 1271 Hispanis
793 1203 973 1271 acceperant.
996 1193 1149 1272 Magonem

239 1280 339 1352 etiam,
364 1278 477 1337 fratrem
494 1274 673 1353 Hannibalis,
697 1278 800 1347 ibidem
818 1279 908 1355 capit,
934 1278 1150 1355 quem'Romam

239 1379 303 1420 oum
313 1361 377 1420 aliis
390 1363 481 1418 mittit.
504 1360 612 1417 Romae
628 1361 728 1433 ingens
739 1360 1010 1436 laetitiapost-homc
1023 1363 1151 1423 nuntium

238 1442 300 1500 luit
322 1438 1038 1536 ScipioHispanorumobsidesparentibusreddidit.
1054 1444 1150 1516 Quare

240 1540 337 1582 omnes
352 1522 414 1580 lere
426 1521 579 1598 Hispaniae
590 1519 625 1578 ad
637 1538 700 1578 eum
712 1537 767 1579 uno
783 1523 874 1579 animo
885 1525 1066 1583 transierunt.
1080 1525 1150 1586 Post

239 1623 311 1683 quae
330 1603 545 1677 Hasdrubalem,
569 1601 730 1662 Hannibalis
746 1603 874 1679 fratrem,
894 1605 998 1663 victum
1014 1603 1099 1682 lugat
1124 1617 1152 1668 et

226 1685 370 1765 'praedam
384 1689 529 1746 maximam
541 1689 627 1764 capit.
1164 1694 1166 1699 ’

181 1786 236 1828 ιιι.
301 1771 387 1830 (lna.
406 1771 483 1830 XVl.
504 1769 642 1830 Interea
634 1790 662 1830 rm
679 1770 920 1844 ltaliaconsulQ
936 1771 1040 1830 Fabius
1057 1746 1149 1833 Maxi·

132 1888 136 1893 ·
179 1852 226 1897 ⁶⁴³
220 1853 458 1914 mnsTarcntnm
472 1857 597 1930 recepit,
618 1857 852 1933 inquaingentes
869 1857 969 1932 copiae
982 1854 1148 1916 Hannibalis

239 1947 325 1998 erant.
358 1936 400 1997 lbi
422 1940 505 1997 etiam
526 1937 626 1996 ducem
640 1938 800 1998 Hannibalis
816 1936 1011 1998 Carthalonem
1027 1939 1146 2033 occidit,

237 2022 380 2082 xxvmilia
397 2023 571 2119 captivorum
585 2022 720 2098 vendidit,
745 2021 875 2100 praedam
887 2021 1019 2081 militibus
1036 2010 1147 2099 disper·
1175 2050 1178 2055 ·

215 2138 219 2146 ³
238 2107 315 2180 tivit,
335 2107 487 2183 pecuniam
504 2103 646 2163 bominum
665 2105 841 2164 venditorum
859 2105 894 2162 ad
915 2105 1014 2165 luscum
1039 2104 1144 2164 retulit

237 2186 308 2246 Tum
328 2187 430 2247 multae
450 2189 578 2245 civitates
594 2186 798 2261 Romanorum,
825 2205 898 2264 quae
915 2187 949 2247 ad
963 2187 1146 2248 Hannibalem

236 2274 414 2347 transierant,
430 2289 526 2330 rursus
539 2287 571 2328 se
582 2268 669 2329 Pabio
681 2267 803 2329 lllaximo
819 2269 995 2329 dediderunt.
1009 2269 1076 2350 (li)
1101 2268 1144 2330 ln-

128 2368 131 2372 ’
175 2416 180 2422 ,
237 2356 368 2430 sequenti
379 2371 451 2414 anno
465 2353 562 2430 Scipio
574 2355 602 2411 in
613 2352 746 2429 Hispania
762 2355 894 2431 egregias
908 2368 956 2421 res
969 2354 1038 2430 egit,
1053 2363 1085 2413 et
1095 2371 1145 2431 per

237 2455 270 2495 se
287 2447 316 2495 et
334 2454 386 2514 per
406 2437 520 2496 fratrem
539 2434 660 2495 suumL.
676 2436 838 2513 Scipionem
850 2456 905 2496 uxr
922 2439 1050 2497 civitates
1065 2455 1144 2496 rece·

237 2521 288 2597 pit.
323 2519 355 2578 ln
372 2519 451 2579 ltalia
473 2528 565 2601 tamem
579 2519 653 2579 male
671 2529 822 2596 pugnatam
844 2528 896 2580 cst.
929 2519 999 2578 Nam
1011 2518 1145 2580 Claudius

236 2601 388 2664 Marcellus
405 2602 504 2660 consul
516 2603 551 2662 ab
562 2602 716 2662 Hannibale
728 2606 841 2661 occisus
858 2611 909 2662 est.
1012 2628 1016 2637 ¹

301 2685 385 2744 cnr.
397 2683 486 2743 XVll.
508 2685 603 2745 'lertio
616 2704 687 2745 anno
702 2694 779 2762 post,
796 2704 878 2762 quam
888 2687 986 2763 Scipio
998 2684 1033 2745 ad
1044 2685 1144 2771 Hispa·

190 2778 193 2787 ·
237 2783 310 2824 nram
322 2767 468 2842 proiectus
483 2778 543 2844 est,
560 2788 656 2828 rursus
669 2786 716 2828 res
729 2768 847 2828 inclutas
859 2770 941 2846 gent
974 2769 1087 2846 Regem
1099 2750 1144 2829 Hi·

237 2851 395 2925 spaniarum
412 2869 512 2949 magno
532 2851 642 2929 proelio
664 2853 793 2911 victum
785 2871 812 2911 ιιι
828 2855 976 2912 amrcrbam
986 2856 1101 2930 accepit
1118 2861 1145 2913 et

238 2932 343 3010 primus
357 2936 477 2992 omnium
489 2952 505 2993 a
515 2938 593 2994 victo
604 2933 720 2993 obsides
732 2952 787 2993 non
799 2938 941 3012 poposcit.

302 3015 390 3077 Can.
405 3015 509 3075 XVllI.
538 3016 701 3093 Desperans
723 3017 856 3077 Hannibal
879 3019 1026 3094 Hispanias
1047 3027 1145 3079 oontm

239 3101 401 3177 Scipionem
424 3100 524 3158 ducem
546 3100 648 3179 diutius
670 3116 757 3176 posse
777 3103 908 3176 retineri,
931 3102 1043 3161 tratrem
1058 3120 1146 3173 snam
1175 3158 1180 3173 ,

170 3217 226 3258 pfl,
238 3181 440 3244 Hasdrubalem
456 3185 483 3241 in
498 3181 604 3242 ltaliam
618 3199 682 3240 curn
694 3184 822 3242 omnibus
837 3187 929 3262 copiis
941 3187 1081 3244 evocavit.
1118 3184 1145 3245 Is

180 3285 225 3327 aas.
237 3268 354 3326 veniens
367 3266 468 3327 eodem
479 3267 589 3343 itinere,
601 3282 657 3342 quo
671 3268 755 3326 etiam
764 3266 899 3328 Hannibal
909 3277 1035 3345 venerat,
1048 3287 1065 3329 a
1076 3285 1145 3329 con-
