2362 4036
400 282 549 339 ‘n-renn
569 284 609 341 vr.
923 282 965 346 41
1077 268 1084 279 '

10 514 12 519 ¹
58 442 131 504 llox
143 439 270 505 Ituraeos
282 453 311 503 et
321 441 430 503 Ambae
439 442 516 505 vicit.
544 444 581 505 Et
592 463 655 507 eum
665 445 963 525 venissetiusyriam,
1008 476 1012 484 ,
1045 445 1048 449 ’
1114 466 1123 478 “

60 526 231 602 Seleuciam,
243 529 362 587 vieinam
373 524 539 588 Antioohiae
551 531 710 606 civitatem,
733 529 862 590 libertate
879 531 964 590 dona·
987 544 988 547 ’

10 554 36 675 Ῡ
58 611 114 685 vit,-
123 609 199 686 quod
210 628 308 686 regem
319 608 458 685 Tigranen
470 626 526 670 non
536 614 705 688 recepisset.
725 612 965 675 Antiochensibus

10 698 20 761 ξ
59 692 177 764 obsides
187 692 316 769 reddidit.
345 690 522 769 Aliquantum
536 711 666 772 agrorum
677 695 896 775 Daphnousihus
915 695 963 757 de·

10 788 23 839 ζ)
60 775 110 851 dit,
123 793 180 853 quo
192 774 272 834 lucus
286 776 324 834 ibi
334 776 487 852 spatiosior
497 777 587 853 lieret,
604 777 758 837 delectatus
769 777 827 836 looi
841 782 962 839 amoeni·

10 874 20 947 p
46 867 116 918 ¹tate
130 866 160 916 et
170 866 302 935 aquarum
318 857 493 918 abundantia.
527 858 595 919 lnde
612 861 647 920 ad
660 859 789 919 ludeeam
806 870 961 938 transgres-
974 874 1022 931 ‘nu

10 954 20 1023 5-
58 959 109 1000 sus
123 939 433 1018 llierosolyma,'oaput
447 943 551 1018 gentis,
565 945 648 1002 tertio
659 961 757 1003 mense
775 945 870 1020 oepit,
892 944 962 1003 duo·
969 956 1018 1000 uso.

59 1023 151 1083 tleolru
165 1023 275 1083 milibus
286 1023 453 1084 ludaeorum
470 1027 590 1102 oeeisis,
619 1028 723 1086 ueteris
739 1027 768 1085 in
781 1027 864 1099 fidem
878 1044 960 1086 aeos·

42 1108 133 1250 pgrfi..
146 1105 303 1249 &fem
318 1109 346 1167 in
355 1106 451 1169 Asiam
461 1126 493 1169 se
503 1110 613 1188 recepit
627 1117 656 1168 et
670 1109 753 1171 linem
767 1111 961 1189 antiquissimo
1089 1108 1092 1112 ’

48 1225 51 1231 ·
117 1207 135 1249 o
166 1207 231 1250 er.
598 1220 600 1225 ·
635 1228 645 1237 .

24 1308 28 1319 ·
122 1273 207 1333 cnr.
220 1272 280 1333 XV.
296 1269 387 1350 (ΧΗ.)
418 1271 457 1333 hi.
478 1273 570 1335 Tullio
592 1272 730 1336 Cicerone
748 1284 860 1336 oratore
878 1284 907 1335 et
926 1273 960 1338 G.
1045 1280 1050 1285 '
1079 1344 1081 1351 Ι
1150 1270 1160 1342 ζ

21 1406 24 1411 .
56 1355 180 1416 Antonio
192 1373 268 1415 coss.
284 1373 356 1417 anno
370 1356 486 1416 ahurhe
503 1359 613 1418 condita
624 1353 777 1420 nenxxxrx.
799 1358 829 1418 L.
842 1359 960 1435 Sergius
970 1391 1019 1432 pu
1135 1402 1137 1407 ι

23 1476 26 1481 -
57 1436 192 1514 Catilina,
209 1439 374 1498 nobilissimi
390 1440 504 1514 generis
519 1442 580 1515 uir,
599 1440 650 1499 sed
667 1443 771 1516 ingenii
790 1442 958 1517 pravissimi,
967 1457 1007 1499 osu
1121 1489 1127 1505 ,

19 1570 22 1577 .
55 1521 93 1582 ad
116 1520 261 1582 delendam
283 1522 397 1597 petriam
417 1523 570 1581 ooniuravit
591 1539 653 1581 eum
675 1521 853 1600 quibusdam,
876 1522 959 1583 elaris

10 1602 188 1685 ,·'-quidem,
213 1602 265 1668 sed
284 1603 435 1663 audaeibus
450 1607 529 1664 viris.
555 1604 958 1683 AGioeroneurbeexpulsus

10 1684 14 1709 ¹
56 1696 111 1749 est.
137 1688 214 1747 Socii
226 1689 286 1747 eius
298 1687 466 1765 deprehensi
478 1691 505 1748 in
520 1706 634 1748 earcere
646 1689 808 1766 strangulati
822 1698 895 1748 sunt.
913 1688 958 1748 Al)
969 1728 1015 1769 M,
1058 1694 1063 1700 '

54 1771 189 1911 Antopio,
203 1771 291 1830 altero
303 1770 430 1849 oonsul'e,
444 1770 561 1833 Catilina
571 1775 634 1850 ipse
645 1771 756 1852 proelio
769 1772 862 1832 vietus
874 1779 919 1831 est
931 1779 960 1830 et
968 1756 1025 1837 nm'
1066 1762 1070 1769 “

54 1856 231 1913 intereetus.
536 1898 539 1903 .

10 1972 14 1981 -
121 1934 206 1995 Gur.
226 1933 301 1994 lllll.
318 1933 429 2014 (Xlll.)
452 1935 666 1995 Sexcentesimo
682 1938 866 2013 nonagesimo
885 1947 1017 1998 annom
1142 2001 1148 2009 ,

54 2018 93 2079 alr
107 2018 176 2076 urhe
190 2015 301 2076 condita
310 2017 348 2075 D.
361 2015 441 2076 lunio
453 2016 548 2076 Silano
560 2025 589 2075 et
602 2015 633 2075 L.
641 2016 756 2076 Murena
770 2035 846 2077 eoss.
857 2018 958 2080 lietol-
967 2015 1016 2056 ⁶⁹⁰·

54 2102 100 2162 lus
116 2099 248 2161 decreta
263 2100 456 2177 triumphavit,
477 2097 628 2176 Pompeius
646 2098 774 2159 debello
791 2102 909 2177 piratico
930 2112 960 2161 et
969 2083 1024 2192 gf

53 2183 254 2245 Mithridatico.
284 2183 367 2243 Nulla
381 2201 502 2262 anquam
519 2199 622 2260 pompa
637 2183 767 2261 triumphi
779 2182 879 2242 similis
896 2182 958 2243 luit.
1008 2177 1015 2191 ⁸

54 2267 139 2328 Ducti
157 2276 223 2329 sunt
237 2274 302 2327 ante
319 2267 380 2326 eius
391 2284 502 2326 currum
517 2266 564 2324 lilii
577 2264 757 2342 Mithridatis,
774 2265 847 2329 lilius
862 2264 958 2342 Tigra·
980 2322 983 2326 .

54 2353 98 2410 nis
118 2360 146 2411 et
160 2349 355 2425 Aristobulus,
378 2368 429 2409 rex
445 2348 627 2425 ludaeorum,
651 2349 774 2427 praelata
795 2358 839 2409 est
859 2351 958 2427 ingens

55 2436 185 2514 pecunia,
202 2435 261 2493 auri
275 2442 360 2511 atque
377 2434 485 2510 argenti
501 2433 643 2492 inlinitum.
671 2431 734 2491 lloe
753 2441 882 2511 tempore
897 2431 958 2492 nul·

54 2516 111 2576 lum
122 2534 174 2594 per
184 2517 280 2576 orbem
291 2526 425 2576 terrarum
435 2534 522 2593 grave
533 2514 637 2575 bellum
651 2524 720 2597 erat.
739 2589 742 2592 ἦ

118 2601 204 2660 Gne.
215 2599 304 2659 XVll.
320 2598 425 2677 (xlv.)
439 2599 531 2658 Anno
546 2599 623 2658 urhis
640 2598 770 2658 conditae
783 2616 904 2659 nerent.
923 2596 957 2658 G.
968 2616 1025 2658 nu.
1071 2603 1073 2607 ‘

23 2676 27 2687 ’
53 2680 142 2742 lulius
154 2681 273 2759 Caesar,
290 2684 337 2760 qui
353 2691 453 2759 postea
467 2682 632 2758 imperavit,
652 2697 714 2738 oum
728 2678 759 2738 L.
772 2679 873 2739 Bibulo
889 2697 957 2739 oon·
968 2682 1015 2724 ⁶⁰³·

55 2767 99 2825 sul
112 2775 155 2824 est
165 2765 266 2824 iaetus.
297 2765 421 2824 Decreta
434 2772 479 2823 est
495 2766 522 2823 ei
537 2758 625 2823 Gallia
637 2772 666 2822 et
678 2760 820 2838 Illyricum
839 2779 902 2820 eum
916 2760 957 2820 le·

55 2848 187 2926 gionibus
199 2847 309 2907 decem.
342 2845 472 2925 lsprimo
493 2849 561 2906 visit
573 2845 736 2922 llelvetios,
755 2846 803 2925 qui
818 2860 891 2903 nuno
905 2845 957 2903 Se-

55 2933 139 3009 quani
149 2931 339 3009 appellantur,
362 2929 466 2990 deinde
483 2929 622 2989 vincendo
641 2946 693 3007 per
702 2927 778 2988 hella
792 2928 969 3005 gravissima·

54 3032 146 3092 usque
157 3015 191 3074 ad
204 3014 345 3073 Ooeanum
362 3013 550 3073 Britannicum
560 3013 711 3089 prooessit.
736 3011 852 3071 Domuit
865 3019 958 3071 autem

54 3099 134 3159 annis
149 3113 250 3156 uorem
261 3097 323 3156 iere
340 3112 451 3155 omnem
466 3095 597 3171 Galliam,
617 3113 690 3172 quae
705 3096 778 3154 inter
788 3093 887 3171 Alpes,
907 3093 958 3152 llu-

23 3174 26 3181 ’
54 3197 120 3241 men
130 3178 303 3255 Rhodanum,
319 3179 448 3239 Rhenum
460 3188 488 3239 et
499 3178 642 3238 Ooeanum
653 3186 698 3239 est
711 3185 740 3236 et
750 3178 868 3236 oireuitu
882 3183 959 3252 patet

10 3296 23 3331 9
54 3261 91 3323 ud
107 3263 152 3322 bis
172 3270 200 3320 et
224 3263 453 3321 tricieseemena
473 3261 548 3321 milia
565 3278 706 3338 passuum.
738 3257 875 3319 Britannis
893 3273 959 3316 mox
972 3285 1027 3327 pu,

54 3344 161 3406 bellum
175 3342 276 3419 intulit,
297 3344 397 3420 quihus
410 3352 473 3403 anle
488 3361 552 3404 enm
565 3362 602 3402 ne
619 3360 721 3402 nomen
732 3341 844 3419 quidem
857 3338 960 3400 Roma·
970 3353 1017 3395 ese

56 3429 309 3505 norumeognitum
320 3435 395 3505 eret,
418 3435 447 3486 et
458 3443 508 3487 eos
520 3443 635 3506 quoque
645 3427 738 3486 vietus
751 3422 897 3486 obsidibus
911 3439 958 3484 ae·
