2362 4036
401 301 620 368 arevacum
684 288 690 298 “
848 298 853 302 ’
913 295 960 386 ol

48 482 107 524 nus
121 462 409 541 patriquesuccessit.
438 463 509 523 Nam
522 463 592 523 Geta
607 463 698 524 hostis
711 463 840 541 publicus
856 463 960 523 iudica·
1051 518 1054 525 ,
1122 512 1127 522 s

52 558 102 606 tus
115 547 264 605 confestim
280 549 372 624 periit.
440 608 442 615 ,
697 578 700 582 ’

122 631 206 690 Car.
224 630 287 689 XX.
305 628 387 710 (XI.)
412 629 523 690 Marcus
544 631 628 706 igitur
652 628 783 689 Aurelius
805 630 960 690 Antoninus

53 713 222 788 Bassianus,
249 713 379 791 idemque
404 713 561 789 Caracalla,
585 713 766 775 morumiere
784 723 961 791 paternorum

53 799 125 872 fuit,
143 797 226 874 paulo
239 799 366 874 asperior
377 808 405 858 et
419 800 519 857 minan.
553 796 631 874 Opus
642 795 749 854 Romae
763 800 907 872 egregium
918 797 960 855 ia·

34 903 38 911 ’
55 883 96 939 cit
110 881 224 955 lavacri,
239 899 310 958 quae
321 880 522 941 Antoninianae
533 879 718 958 appellantur,
732 879 800 937 nilril
813 887 959 955 praeterea
1031 875 1039 946 ’,

53 1046 154 1106 Iuliam
165 1065 280 1107 uxorem
297 1047 415 1107 duxerit.
450 1046 607 1107 Defunctus
626 1053 670 1105 est
686 1047 714 1105 in
726 1045 873 1105 Osdroenc
884 1043 958 1122 apud
982 1065 1009 1108 n.
1112 1088 1115 1105 ,.

54 1130 331 1191 Edessammoliens
357 1132 506 1191 adversum
517 1130 640 1210 ¹Parthos
659 1129 867 1208 expeditionem
884 1144 955 1188 anno
968 1132 1023 1173 GN·

55 1217 166 1290 imperii
184 1234 223 1274 vr.
245 1233 343 1273 meuse
361 1235 393 1274 n.
416 1217 617 1292 vin‘egressus
633 1216 732 1296 aetatis
749 1233 832 1278 xn111.
850 1230 959 1272 anuum.
973 1200 1019 1242 ⁹¹⁷·

55 1297 167 1365 Funere
183 1294 295 1376 publico
312 1298 400 1358 elatus
415 1307 469 1357 est.

121 1383 204 1442 Car.
216 1381 293 1441 XXI.
306 1380 401 1460 (ΧΗ.)
424 1380 534 1457 Opilius
546 1379 647 1462 deinde
654 1378 804 1454 Macrinus,
822 1381 869 1459 qui
880 1396 959 1456 prae·

56 1465 149 1524 iectus
161 1467 302 1542 praetorio
316 1473 385 1537 erat,
402 1482 464 1521 cum
477 1462 534 1520 lilio
545 1461 720 1520 Diadumeno
732 1461 799 1519 iacti
810 1463 960 1537 imperato-

55 1567 104 1607 res
129 1548 196 1607 nibil
220 1546 400 1606 memorabile
422 1565 458 1605 ex
482 1545 777 1621 temporis'brevitate
799 1552 958 1620 gesserunt.
983 1567 1009 1608 p,

56 1631 127 1691 llam
142 1633 289 1708 imperium
309 1647 405 1688 eorum
422 1629 504 1691 duum
520 1630 657 1688 meusium
674 1628 799 1686 etunius
817 1628 880 1686 anni
896 1627 957 1686 luit.
967 1635 1025 1679 ⁰·N·

57 1714 202 1774 Seditione
213 1713 413 1791 militari-ambo
430 1714 532 1790 pariter
544 1713 634 1771 occisi
649 1721 722 1770 sunt.
974 1703 1019 1745 ²¹⁸·

124 1799 206 1871 Car.
217 1795 307 1857 XXll.
321 1794 430 1876 (Xlll.)
455 1795 571 1854 Creatus
584 1803 627 1854 est
639 1803 704 1872 post
714 1795 767 1853 bos
778 1791 960 1870 llxborelius

57 1881 222 1939 Antoninus.
243 1881 295 1938 Hic
305 1878 603 1939 AntoniniCaracallae
615 1878 687 1937 filius
697 1877 853 1954 putabatur,
865 1895 959 1936 sacer-

58 1963 111 2022 dos
123 1970 214 2021 autem
223 1961 398 2036 Heliogabali
410 1961 505 2036 templi
519 1969 586 2018 erat.
611 1959 639 2019 ls
651 1979 713 2018 cum
725 1960 841 2019 Romam
855 1963 960 2037 ingenti

58 2056 86 2105 et
109 2045 224 2104 militum
239 2053 268 2103 et
288 2052 401 2102 senatus
412 2046 625 2120 exspectatione
640 2045 781 2117 venisset,
800 2044 910 2121 probris
927 2063 960 2120 se

57 2129 186 2190 omnibus
199 2129 402 2187 contaminavit.
425 2125 647 2204 lmpudicissime
663 2134 691 2184 et
703 2125 906 2185 obscenissime
918 2129 959 2186 vi·

38 2216 113 2291 nit,
132 2213 301 2288 biennioque
319 2219 384 2288 post
400 2219 429 2270 et
441 2231 494 2272 vnr
505 2211 646 2270 mensibus
662 2208 778 2268 tumultu
795 2209 968 2271 interiectus«
983 2223 1010 2264 r.

20 2328 24 2343 ι
58 2307 102 2356 est
114 2295 223 2354 militari
238 2304 266 2352 et
278 2313 339 2353 cum
351 2311 387 2353 eo
399 2303 488 2353 mater
500 2294 629 2352 Soaemia
644 2294 724 2372 Syra.
970 2291 1026 2333 ⁰·N·

121 2380 204 2439 Can.
217 2375 321 2436 XXlll.
335 2376 438 2454 (XIV.)
461 2378 608 2436 Successit
622 2377 687 2436 lruio
698 2376 829 2436 Aurelios
839 2375 958 2437 Alexan·
970 2359 1016 2433 ²²3·

58 2464 124 2538 der,
145 2462 179 2521 ab
197 2463 321 2520 exercitu
338 2458 459 2536 Caesar,
484 2479 500 2519 a
518 2458 615 2518 'senatu
630 2459 773 2537 Augustus
792 2464 958 2537 nominatus,
1113 2464 1122 2471 ’“

57 2547 166 2607 iuvenis
189 2544 352 2619 admodum,
380 2552 575 2621 susceptoque
598 2542 732 2605 advorsus
754 2542 855 2602 Persas
883 2545 959 2605 bello
1037 2597 1039 2605 .

37 2688 40 2693 ,
57 2631 172 2691 Xerxen
182 2646 279 2688 eorum
293 2645 391 2704 regem
402 2628 608 2704 gloriosissime
621 2627 697 2683 vicit.
719 2624 865 2685 lllilitarem
877 2629 960 2688 disci·
1069 2683 1072 2689 .

58 2714 161 2794 plinam
172 2712 353 2771 severissime
366 2712 449 2769 rexit.
473 2708 612 2782 Quasdam
623 2708 819 2767 tumultuantes
831 2708 960 2786 legiones

58 2792 181 2875 integras
194 2795 393 2857 exauctoravit,
423 2792 609 2852 Assessorcm
623 2790 718 2850 babuit
734 2791 781 2849 vel
798 2794 893 2852 scrinii
904 2813 959 2856 ma·

57 2878 174 2958 'gistrum
185 2879 342 2958 Ulpianum,
356 2878 423 2935 iuris
435 2876 616 2936 conditorem.
638 2873 745 2938 Romae
758 2893 870 2954 quoque
882 2877 959 2940 iavo·
1000 2918 1005 2923 -

56 2963 153 3025 rabilis
165 2962 225 3022 iuit.
261 2960 345 3022 Periit
357 2962 384 3020 in
397 2959 484 3021 Gallia
496 2959 605 3019 militari
622 2958 738 3018 tumultu
756 2963 839 3020 tertio
852 2954 961 3028 decimo
984 2976 1009 3018 P·

57 3048 167 3125 imperii
190 3064 260 3106 anno
285 3055 313 3106 et
335 3044 380 3103 die
402 3065 464 3107 vnn.
496 3042 528 3102 ln
548 3051 665 3102 matrem
684 3060 762 3102 suam
783 3044 1030 3135 Mamercium·
1128 3074 1130 3079 ·

57 3134 141 3191 unice
160 3132 233 3223 pius.
974 3113 1020 3155 ²³⁵·
