2362 4036
129 329 132 333 ,
174 232 233 342 ιε’
466 353 477 369 ⁸
515 236 733 338 auunculi

174 447 239 506 thos
250 443 431 522 proficiscens
438 443 526 505 Carus
532 446 560 504 in
570 443 695 520 Illyrico,
708 441 807 518 Gallia,
819 440 898 503 ltalia
909 442 1075 521 reliquerat,

83 572 88 591 ,»
175 529 302 588 omnibus
314 545 346 586 se
357 528 513 588 sceleribus
524 530 686 605 inquinavit.
711 526 847 585 Plurimos
858 527 989 586 innoxios
1002 529 1076 591 lictis

172 611 331 670 criminibus
343 611 457 670 occidit.
490 611 663 671 Matrimonia
679 609 783 671 nobilia
795 611 928 687 corrupit.
954 609 1073 670 eondis-

172 693 273 771 cipulis
284 711 413 772 quoqne,
437 696 563 772 quicum
581 697 609 755 in
622 692 760 753 auditorio
771 693 818 752 vel
834 692 891 752 levi
907 693 1075 770 fatigatione

171 786 341 853 taxaverant,
355 781 531 855 perniciosus
550 779 609 838 luit.
633 775 676 837 Ob
689 794 761 853 quae
772 777 900 836 omnibus
913 777 1072 836 bominibus

147 876 149 881 ·
172 862 278 921 inuisus
289 878 345 920 ncn
355 862 441 921 multo
452 871 517 940 post
529 879 633 939 poenas
646 859 730 921 dedit.
757 857 867 938 (Xlll.)
879 859 949 919 Nam
961 859 997 920 de
1008 859 1072 920 Per·

123 946 126 953 '
172 943 335 1004 siderictor
345 947 486 1005 exercitus
502 945 629 1019 rediens,
653 962 715 1003 cum
727 940 830 1005 ¹Garum
846 942 1004 1020 Augustum
1020 944 1071 1002 iul·

171 1029 256 1103 mine,
269 1027 464 1088 Numerianum
475 1027 624 1089 Caesarem
635 1027 742 1088 insidiis
755 1024 936 1103 perdidisset,
957 1026 1071 1087 Diocle·

172 1113 276 1170 tianum
293 1112 489 1188 imperatorem
505 1111 626 1184 creavit,
649 1109 786 1169 Dalmatia
801 1108 961 1185 oriundum,
984 1112 1071 1170 uirum

172 1195 489 1269 obscurissime-natum,
511 1191 582 1251 adeo
593 1200 622 1250 ut
636 1210 651 1250 a
668 1192 813 1269 plerisque
826 1193 936 1255 scribae
949 1193 1071 1270 filius,a

147 1272 150 1276 ’
171 1274 309 1334 nonnullis
319 1273 429 1333 Arulini
445 1277 582 1333 senatoris
596 1274 741 1340 libertinus
754 1277 843 1335 fuisse
855 1276 993 1338 credatur.

176 1396 179 1403 -
234 1357 316 1420 Gur.
328 1356 392 1416 XX.
413 1356 441 1417 ls
454 1359 541 1435 prima
555 1357 672 1416 militum
683 1360 820 1419 concione
834 1361 943 1435 iuravit,
966 1360 1070 1421 Nume-

171 1441 276 1500 rianum
298 1440 374 1500 nullo
398 1438 451 1501 suo
473 1438 538 1500 dolo
559 1442 751 1518 interiectum,
777 1452 807 1503 et
828 1461 891 1502 cnm
911 1446 985 1505 iuxta
1008 1463 1072 1504 eum

106 1592 109 1605 ,
158 1524 266 1602 Aper,
287 1527 342 1602 qui
363 1524 668 1586 Numerianozinsidias.
687 1527 810 1603 lecerat,
828 1529 1016 1604 constitisset,
1045 1531 1072 1588 in

172 1618 328 1686 conspeetu
342 1610 483 1669 exercitus
499 1627 580 1669 manu
591 1608 759 1669 Diocletiani
772 1628 924 1687 percussus
936 1620 989 1691 est.
1017 1611 1072 1671 Po·

121 1713 147 1755 n.
171 1701 231 1751 stea
244 1691 372 1750 Carinum
383 1694 503 1750 omnium
514 1692 578 1752 odio
596 1700 625 1750 et
636 1691 821 1752 detestatione
837 1696 977 1752 viventem
996 1695 1073 1771 apud

105 1780 160 1829 cm.
171 1773 296 1851 Margum
309 1775 414 1850 ingenti
427 1774 537 1851 proelio
553 1775 635 1848 vicit,
659 1773 797 1850 proditum
815 1775 849 1834 ab
866 1777 991 1843 exercitu
1003 1795 1072 1852 suo,

112 1848 157 1891 ²⁸⁵·
172 1876 254 1935 quern
266 1857 545 1934 fortiorembabebat,
559 1866 637 1926 certe
647 1857 797 1933 desertum,
810 1857 1073 1920 interlliminacium

158 1949 255 2018 atque
271 1940 393 2001 Aureum
412 1951 551 2006 montem:
576 1940 618 2001 lta
635 1960 728 2001 rerum
746 1941 929 2002 Romanarum
951 1946 1070 2020 potitus,

118 2040 122 2047 ·
172 2041 235 2083 cum
245 2024 388 2085 tumultum
400 2028 531 2087 rusticani
552 2027 580 2085 in
592 2025 679 2085 (lallia
699 2029 935 2087 concitassent-et
955 2026 1072 2087 lectioni

172 2126 240 2169 suae
251 2108 439 2170 Baeandarum
451 2092 552 2169 nometi
568 2111 757 2185 imponerent,
778 2109 865 2169 duces
881 2118 973 2171 autem
984 2111 1071 2171 habe·

118 2215 144 2260 a.
170 2201 233 2252 rent
246 2192 399 2252 Amandum
411 2201 439 2250 et
449 2191 604 2264 Aelianum,
628 2190 662 2250 ad
676 2192 849 2269 subigendos
867 2211 918 2253 eos
928 2193 1070 2255 Maximia-

103 2284 158 2327 0·N·
171 2294 235 2334 num
245 2275 405 2337 Herculium
417 2272 564 2334 Gaesarem
578 2275 670 2350 misit,
679 2277 725 2353 qui
741 2276 849 2336 levibus
861 2277 976 2356 proeliis
988 2296 1070 2357 agre·

112 2352 157 2395 ²⁸3·
170 2367 231 2416 stes
242 2358 348 2416 domuit
359 2367 387 2415 et
396 2373 495 2432 pacem
506 2355 612 2417 Galliae
623 2359 796 2421 reformavit.
1017 2416 1023 2423 ,

197 2487 199 2491 ,
229 2439 316 2497 Gar.
336 2436 412 2496 XXI.
437 2436 490 2496 Per
507 2438 577 2496 haec
594 2450 720 2518 tempora
735 2444 817 2501 etiam
829 2441 994 2522 carausius,
1022 2451 1069 2526 qui

120 2543 124 2548 ·
168 2521 313 2580 vilissime·
324 2528 404 2579 natus
426 2529 556 2581 strenuae
569 2522 683 2582 militiae
695 2523 790 2585 ordinm
808 2526 908 2587 famam
926 2533 1069 2608 egregiam

168 2605 261 2680 luerat⁴
269 2614 449 2683 consecutus,
465 2622 526 2671 cum
537 2605 611 2683 apud
621 2605 773 2667 Bononiam
784 2619 962 2685 pertractum
975 2613 1068 2692 Belgi·

170 2707 220 2749 cae
232 2697 261 2747 et
274 2688 436 2749 Armoricae
447 2688 600 2766 pacandum
612 2709 687 2751 mure
700 2695 875 2770 accepisset,
883 2696 959 2774 quod
970 2696 1069 2757 Franci

170 2783 198 2832 et
213 2773 340 2832 Saxones
356 2772 537 2848 infestabant,
561 2774 654 2833 multis
666 2774 789 2835 barbaris
804 2796 894 2856 saepe
914 2781 1004 2857 captis
1016 2799 1070 2840 nec

168 2855 272 2932 praeda
283 2858 390 2931 integra
404 2865 450 2915 aut
468 2857 686 2933 provincialibus
703 2858 809 2920 reddita
829 2872 876 2921 aut
895 2865 1068 2941 imperatori·

167 2939 219 2997 bus
230 2940 315 2997 missa
327 2955 389 2997 cum
400 2941 525 3017 suspicio
539 2959 604 3000 esse
617 2941 771 3018 coepisset,
785 2946 913 3006 consulto
927 2948 961 3006 ab
975 2965 1010 3007 eo
1022 2947 1068 3007 ad·

166 3021 236 3079 mitti
247 3020 391 3095 barbaros,
408 3032 437 3082 ut
449 3032 624 3093 transeuntes
636 3042 698 3083 cum
711 3026 814 3102 praeda
828 3032 972 3107 exciperet
983 3041 1068 3109 atque

102 3084 150 3197 Ji,
168 3103 265 3163 bac-se
276 3106 427 3164 occasione
441 3106 549 3184 ditaret,
562 3107 749 3170 aldeximiano
761 3112 853 3172 iussus
864 3114 1068 3194 occidipurpu·

104 3182 157 3265 ,gg'
169 3205 226 3247 ram
237 3187 355 3265 sumpsit
367 3197 395 3247 et
405 3187 559 3252 Britannias
573 3195 732 3269 occupavit.

233 3271 318 3332 Car.
330 3268 420 3359 XXll.
433 3270 539 3353 (XIV.)
562 3273 603 3334 lta
615 3292 677 3335 cum
690 3293 860 3354 peromnem
872 3281 968 3341 orbem
980 3291 1065 3342 terra-

166 3374 225 3414 mm
236 3374 282 3414 res
294 3355 419 3415 turbatae
431 3367 535 3432 essent,
551 3357 699 3418 Caransins
711 3363 738 3420 ia
749 3360 894 3424 Britanniis
905 3365 1064 3439 rebellaret,

166 3437 309 3500 Achilleus
317 3439 494 3521 inllegypto,
502 3441 624 3505 Africam
630 3441 883 3525 Quinquegentiani
892 3447 1064 3527 ludestarent,
