2362 4036
230 324 273 390 46
572 330 815 390 BUTROPII
926 276 938 303 ς

232 500 286 568 est,
299 492 346 568 qui
363 491 663 570 posteaAuguatusest
671 492 761 556 dietus
773 502 801 554 et
810 511 901 554 rerum
909 450 1028 572 potitus.
1047 491 1145 566 Quare
1172 518 1175 547 ι

231 574 351 653 proiecti
364 585 460 635 eontra
469 575 619 636 Antonium
632 584 690 635 tres
702 574 929 637 duoea'rioerunt
941 594 1017 636 oum.
1039 574 1146 639 Evenit

229 666 331 732 tamen,
346 667 375 717 ut
385 660 510 718 virtores
522 658 653 719 eonsules
665 658 746 719 ambo
759 669 942 721 morerentur.
972 658 1073 734 Quare
1086 666 1144 721 tres

233 742 375 801 exereitus
386 744 433 802 uui
445 740 559 802 Caesari
570 742 699 820 Augusto
712 752 871 821 pamerunt.

294 856 383 921 Cur.
397 857 435 918 11.
465 857 589 935 Fugetus
603 857 739 917 Antonius
753 858 855 935 amisso
868 856 996 917 exercitu
1012 856 1146 937 confugit

231 940 266 1002 aul
276 941 426 1020 Lepidum,
450 944 498 1019 qui
511 939 624 1003 Caesari
642 944 776 1018 magister
786 940 910 1018 equitum
923 940 1017 1001 tuerat
1035 950 1066 1000 et
1087 950 1144 1003 tum

230 1027 329 1105 oopias
348 1024 463 1084 miiitum
479 1024 599 1102 grandes
621 1024 752 1084 habebat.
789 1022 815 1083 Α
833 1040 889 1100 quo
911 1033 1065 1100 susceptus
1089 1034 1143 1087 est

229 1107 297 1168 Mox
309 1107 416 1186 Lepido
430 1126 544 1185 operam
555 1107 638 1167 dante
650 1104 828 1166 Caesareum
842 1107 964 1166 Antonio
984 1123 1090 1184 pacem
1101 1108 1142 1168 ie·

230 1194 269 1250 eit
280 1200 308 1250 et
320 1193 400 1268 quasi
411 1191 599 1249 vindicaturus
619 1191 705 1268 patris
718 1192 760 1248 sui
772 1199 906 1266 mortem,
929 1206 1016 1268 aquo
1030 1207 1086 1268 per
1101 1200 1141 1251 te·

229 1282 392 1333 stamentum
404 1273 495 1332 iuerat
505 1272 669 1350 adoptatus,
685 1273 803 1333 Romam
819 1293 881 1333 eum
902 1275 1029 1333 exercitu
1044 1272 1140 1352 proie-
1173 1280 1175 1313 ¹

225 1365 290 1416 ,otus
304 1358 438 1432 extorsit,
458 1365 488 1415 ut
506 1356 560 1416 sibi
572 1375 617 1419 ur.
633 1375 705 1419 anuo
722 1350 884 1417 consulatus
899 1355 1019 1417 daretur.
1052 1358 1139 1418 Sena·

228 1450 285 1501 tum
302 1442 469 1520 proscripsit
487 1459 549 1501 oum
560 1441 682 1501 Antonio
700 1451 729 1501 et
747 1440 854 1519 Lepido
873 1450 901 1500 et
920 1440 1140 1517 rempublicam

229 1526 312 1584 armis
324 1535 420 1584 tenere
433 1528 538 1602 eoepit.
569 1523 622 1582 Per
632 1526 686 1585 iros
697 1528 778 1584 etiam
792 1524 895 1584 Cieero
914 1533 1009 1583 orator
1020 1527 1138 1584 oaeisue

231 1617 276 1666 ost
287 1607 422 1684 multique
433 1606 479 1665 alii
491 1605 611 1665 nobiles.

291 1721 375 1778 Car.
390 1717 439 1776 111.
450 1717 521 1796 (ΙΙ.)
542 1716 651 1774 Interea
662 1715 763 1774 Brutus
776 1725 804 1774 et
816 1713 952 1792 Cassius,
972 1719 1140 1781 interfecto·

163 1814 274 1864 mitres
290 1801 437 1875 Caesaris,
460 1802 561 1876 iugens
573 1797 677 1857 bellum
695 1808 853 1857 moverunt.
888 1797 975 1858 Erant
989 1801 1064 1859 onim
1085 1820 1141 1880 per

169 1882 215 1923 ⁷¹⁰·
224 1884 418 1947 Macedoniam
428 1891 457 1944 et
466 1881 610 1943 Orientem
622 1881 701 1942 multi
715 1883 869 1959 exereitus,
885 1900 957 1961 quos
974 1898 1137 1961 ouuupave·
1170 1871 1175 1937 Ι

224 1977 293 2030 raut.
325 1967 448 2028 Profecti
471 1976 535 2028 sunt
552 1968 637 2044 igitur
656 1975 752 2027 ooutm
771 1983 823 2025 eos
842 1965 948 2026 Caesar
966 1965 1137 2029 Octavianus

224 2052 369 2132 Augustus
388 2063 416 2112 et
428 2050 467 2111 ΙΙ.
479 2052 616 2111 Antonius
633 2048 819 2128 (remanserat
839 2052 911 2109 euim
926 2049 961 2109 ad
981 2048 1135 2110 detenden-

226 2133 557 2214 damltaliamLepidus).
579 2132 1134 2213 Apudi'hilippus,Macedoniaeurbem,

76 2220 81 2227 “
119 2231 122 2241 “
226 2233 324 2283 eontra
341 2238 392 2280 eos
415 2226 618 2297 pugnaverunt.
651 2216 742 2277 Primo
758 2216 867 2296 proelio
882 2219 950 2277 vieti
967 2225 1031 2277 suut
1047 2216 1134 2278 Auto-

226 2308 288 2365 nius
300 2314 328 2363 et
343 2301 464 2375 Caesar,
487 2301 571 2376 periit
586 2310 677 2359 tumen
696 2300 752 2359 dux
765 2300 919 2360 nubilitatis
931 2299 1064 2376 Cassius,
1088 2318 1134 2361 se·

227 2385 319 2445 eundo
331 2384 444 2442 Brutum
456 2391 485 2440 et
496 2381 627 2441 infinitam
639 2382 822 2457 nobilitatem,
841 2401 915 2460 quae
928 2400 990 2442 oum
1002 2383 1059 2443 illis
1074 2382 1133 2444 bel·

226 2468 282 2527 lum
293 2473 434 2545 gesserat,
444 2466 545 2524 vietam
557 2464 765 2524 iuterfecerunt.
788 2464 831 2523 Ao
843 2468 885 2525 sio
897 2468 1032 2526 intereos
1044 2466 1133 2527 divisa

227 2558 271 2610 est
288 2568 334 2610 res
353 2548 474 2626 publiea,
493 2557 523 2607 ut
533 2547 677 2625 Augustus
688 2546 848 2626 Hispanias,
867 2547 971 2610 Gallias
987 2548 1133 2610 etltalium

226 2642 347 2710 terreret,
363 2632 501 2693 Antonius
512 2631 624 2707 Asiam,
640 2630 766 2708 Pontum,
781 2630 933 2692 Orientem.
971 2632 1027 2694 Sed
1041 2636 1069 2694 in
1080 2632 1133 2694 Ita·

157 2718 214 2759 AB·
226 2719 263 2779 lia
275 2718 306 2779 L.
317 2718 455 2777 Antonius
468 2714 567 2775 consui
578 2714 681 2774 bellurn
694 2715 777 2774 civile
789 2719 950 2792 commovit,
966 2717 1134 2792 iratereius,

61 2820 65 2825 ·
91 2816 98 2833 '
168 2785 214 2827 ⁷¹¹·
227 2805 275 2880 qui
291 2819 354 2863 oum
367 2799 490 2860 Caesare
506 2807 602 2858 eontra
612 2797 725 2860 Brutum
743 2796 928 2879 Cassiumque
944 2798 1133 2861 diruiearerat.

158 2903 214 2946 am.
226 2883 255 2944 Is
267 2883 341 2961 apud
351 2882 505 2959 Pemsiam,
518 2881 639 2943 Tusciae
651 2884 802 2958 civitatem,
814 2884 907 2944 rietus
918 2893 946 2942 et
964 2893 1063 2962 eaptus
1077 2883 1133 2959 ost,

167 2967 456 3044 ⁷¹2uequeoeoisus.
796 3013 799 3017 .

170 3075 226 3118 Att-
290 3065 379 3126 Cur.
397 3062 445 3123 1v.
459 3062 541 3145 (ΙΙΙ.)
564 3064 677 3126 Interim
690 3083 706 3126 a
718 3065 805 3125 Sexto
818 3063 969 3145 Pompeio,
987 3065 1039 3127 Cu.
1050 3065 1133 3128 Pom·
1157 3130 1161 3141 ,

175 3143 285 3230 ”tparr
296 3148 390 3226 Magni
409 3147 486 3224 tilio,
505 3150 605 3227 ingens
616 3149 720 3210 heliam
736 3151 764 3209 in
776 3149 872 3210 Sicilia
888 3160 1058 3212 commotum
1076 3160 1132 3227 eat,

227 3237 273 3312 iis,
287 3235 335 3312 qui
346 3231 541 3310 superfuerant
556 3251 591 3293 ex
605 3233 731 3312 partibus
740 3233 817 3293 Bruti
832 3232 997 3312 Cassiique,
1021 3235 1057 3296 ad
1069 3253 1134 3296 euru

210 3352 216 3361 ι
229 3316 442 3380 confluentibus.
466 3314 602 3376 Bellatum
615 3333 666 3394 per
676 3313 827 3376 Caesarem
836 3313 993 3396 Augustum
1003 3317 1133 3379 Cetaria·

150 3416 215 3493 tau.
227 3420 292 3461 uum
310 3411 340 3461 et
360 3399 399 3461 ΙΙ.
416 3398 567 3461 Antonium
586 3400 722 3463 adversus
738 3401 854 3463 Sextum
869 3399 1042 3482 Pompeium.
1075 3401 1133 3465 Pax

170 3487 215 3530 ²¹³·
228 3494 372 3563 postremo
387 3484 529 3545 eonueuit.
717 3488 723 3495 '
813 3515 820 3525 =
