2362 4036
405 298 607 354 Ltssuttvt
920 292 963 356 37

60 459 115 534 cia,
125 460 237 518 tertium
252 460 280 519 in
291 457 465 535 Macedonia,
480 460 640 538 quartumin
650 458 795 520 Dalmatia.
815 457 885 518 llam
897 459 967 518 Ser··

11 572 26 617 ,
59 542 158 617 torius,
171 545 219 620 qui
228 544 346 621 partium
352 541 534 602 humanarum
543 543 644 616 iuerat,
656 545 755 601 timens
766 541 903 619 iortumm
914 558 961 601 ce·

53 634 192 700 temmm,
206 627 254 703 qui
264 627 422 703 interempti
434 635 523 700 erant,
540 625 574 684 ad
585 624 688 684 bellum
701 627 851 684 commovit
861 623 962 702 llispa·

58 708 130 766 nias.
163 705 243 767 llissi
255 716 319 767 sunt
329 717 424 767 contra
435 726 498 767 cum
510 708 597 767 daces
616 706 650 780 Q.
665 705 807 767 Caecilius
818 706 961 784 lletellus,

16 850 21 857 ,
53 789 134 849 itlius
146 791 279 868 eius,‘·qui
291 788 451 868 lugurtlram
461 808 557 866 regem
563 787 641 864 uicit,
654 798 683 848 et
692 788 869 848 L.l)omitius
880 806 962 867 prae·

59 880 112 933 tor.
134 870 290 932 Asertorii
308 873 379 932 duce
391 872 529 933 llirtulcio
540 873 681 932 Domitius
692 873 806 931 occisus
822 880 875 930 est.
901 870 961 931 lile·
992 878 996 883 '

57 955 382 1016 tellusvaricsuccessu
399 956 660 1014 contrastantium
678 954 827 1014 dimicavit.
859 953 962 1014 Postea
1063 958 1065 964 '

56 1032 124 1096 ou'm
136 1039 224 1116 impar
233 1056 343 1117 pugnae
355 1036 572 1098 solusllotellus
585 1046 737 1116 putaretur,
751 1035 802 1097 Gn.
811 1037 961 1114 Pompeius
1055 1042 1059 1050 “
1072 1066 1075 1071 ⁹

31 1140 35 1147 ·
59 1120 94 1179 ad
109 1119 257 1197 Hispanias
268 1124 371 1180 missus
383 1131 435 1202 est.
461 1120 502 1181 lta
513 1121 622 1181 duobus
634 1119 752 1179 ducibus
762 1119 961 1196 adversisser-
1039 1159 1043 1177 .

58 1205 148 1263 torius
163 1204 272 1264 fortuna
283 1206 359 1264 varia
371 1221 458 1283 saepe
470 1205 613 1282 pugnavit.
646 1201 754 1263 Octavo
766 1202 877 1262 demum
888 1217 960 1261 anuo
973 1226 1030 1269 nn.

13 1348 20 1357 ,
59 1288 146 1345 asnis
157 1289 271 1346 occisus
283 1296 336 1349 est.
354 1286 392 1347 Et
402 1288 465 1346 finis
475 1290 502 1346 ei
513 1286 590 1346 bello
602 1285 682 1345 datus
694 1295 737 1344 est
748 1302 801 1364 per
816 1283 866 1345 Cn.
879 1284 961 1366 Pom·
978 1291 1025 1335 ιιι

38 1372 43 1378 “
59 1370 154 1445 pcium
177 1368 388 1430 adolescentem
411 1378 440 1427 et
456 1367 491 1441 Q.
507 1367 652 1426 lletcllum
672 1366 749 1426 Pium
764 1376 849 1445 atque
865 1385 963 1427 omnes

58 1467 150 1528 pmpe
156 1451 307 1529 Hispaniae
318 1453 347 1510 in
360 1451 501 1531 dicionem
509 1449 607 1527 populi
617 1447 735 1508 Romani
745 1449 877 1508 redactae
888 1458 962 1536 punt.

123 1553 208 1613 Gna.
226 1540 262 1612 ll.
296 1551 341 1611 Ad
362 1542 554 1612 llacedoniam
567 1553 670 1610 missus
692 1559 737 1610 est
752 1550 863 1629 Appius
881 1549 1030 1611 Clau-AM.

57 1636 130 1697 dius,
162 1634 230 1694 Post
240 1634 420 1694 'consulatum
435 1632 509 1694 levia
521 1632 628 1712 proelia
646 1634 742 1694 habuit
759 1640 856 1695 contra
871 1635 963 1694 varias
976 1613 1025 1675 ω’·

56 1727 170 1799 gentes,
190 1736 263 1797 quae
273 1717 441 1797 Rhodopam
453 1719 625 1795 provinciam
635 1717 812 1793 incolebant,
828 1726 912 1796 atque
923 1718 962 1778 ibi

10 1808 20 1864 t
55 1801 157 1873 morbo
174 1811 300 1861 mortuus
317 1809 370 1864 est.
401 1799 507 1860 llissus
530 1802 556 1860 ei
574 1817 728 1860 successor
745 1799 778 1860 G.
797 1800 962 1860 Scribonius
973 1832 1022 1876 ,gu

58 1881 147 1943 Curio
159 1893 225 1960 post
239 1883 423 1963 consulatum.
441 1881 470 1941 ls
481 1881 627 1940 Dardanos
639 1883 707 1941 vicit
720 1890 749 1941 et
759 1900 850 1960 usquc
862 1883 897 1944 ad
909 1882 964 1944 Da·
981 1899 1027 1943 επ.

55 1965 173 2027 nubium
194 1966 360 2042 penetravit,
382 1963 607 2042 triumphumque
625 1965 725 2022 memit
745 1972 774 2022 et
793 1966 864 2025 iutra
882 1967 1030 2027 trien-Ml·

55 2051 134 2110 nium
144 2048 227 2107 finem
237 2044 313 2106 hello
325 2043 411 2105 dedit.
983 2035 1033 2109 ⁶⁸¹:
1124 2061 1130 2072 ⁸

126 2147 211 2207 (lan.
223 2142 273 2208 lll.
302 2144 347 2204 Ad
359 2142 487 2204 Ciliciam
504 2151 532 2203 et
550 2143 856 2225 Pamphyliammissus
874 2155 918 2206 est
931 2147 962 2210 P.

57 2228 197 2291 Servilius
214 2246 250 2288 ex
266 2227 398 2303 consuls,
418 2229 462 2286 vir
477 2235 616 2291 strenuus.
646 2226 675 2288 ls
692 2226 819 2289 Ciliciam
837 2229 961 2308 subegit,
971 2234 1028 2279 Ml·
1140 2272 1145 2279 ι

56 2311 162 2388 Lyciae
180 2311 265 2370 urbes
278 2310 447 2370 clarissimas
459 2314 632 2389 oppugnavit
642 2319 671 2371 et
687 2313 779 2390 oepit,
799 2313 826 2371 in
838 2313 883 2372 his
893 2309 963 2374 Pha·
976 2301 1024 2344 ⁶⁷⁴·

32 2464 36 2473 Ι
57 2393 187 2470 celidon,
197 2393 356 2471 Olympum,
364 2391 504 2468 Corycum
516 2392 642 2455 Ciliciae.
663 2393 777 2454 lsauros
789 2411 903 2473 quoque
913 2413 963 2474 ag-

57 2496 176 2557 gressus
188 2478 223 2538 ad
234 2476 404 2537 deditionem
414 2474 536 2552 redegit,
548 2486 633 2556 atque
645 2477 715 2536 intra
725 2478 873 2537 triennium
885 2478 962 2540 bello

58 2562 142 2635 linem
153 2560 238 2621 dedit.
263 2558 372 2619 Primus
383 2559 504 2618 omnium
514 2557 702 2619 Romanomm
713 2560 741 2617 in
752 2557 844 2618 Tauro
856 2562 909 2620 iter
920 2561 962 2621 ie·

58 2646 107 2703 cit.
126 2638 841 2725 Revertenstriumphumapoepitetnomenlsaurici
852 2645 962 2703 meruit.

124 2733 210 2818 Can,
221 2755 268 2817 lv.
299 2754 345 2816 Ad
356 2754 499 2831 Illyricum
514 2754 616 2815 misens
630 2763 674 2814 est
692 2752 725 2814 0.
737 2753 897 2814 Cosconius
909 2771 963 2832 pro

57 2839 185 2900 consule.
203 2838 317 2899 Multam
332 2848 438 2917 partem
448 2837 604 2897 Dalmatiae
615 2838 739 2916 subegit,
754 2837 873 2898 Salonas
885 2839 963 2917 cepit
981 2848 984 2853 '
1091 2886 1095 2893 .

55 2932 86 2983 et
97 2924 254 3001 composito
265 2920 341 2982 bello
352 2922 468 2981 Romam
479 2929 546 2997 post
556 2921 696 2981 biennium
705 2919 798 2980 rediit.

25 3062 30 3067 -
66 3040 70 3047 ’
119 3021 251 3083 (lam-V.
264 3020 343 3101 (lv.)
363 3021 466 3083 lisdem
481 3023 654 3102 temporibus
664 3021 763 3082 consul
774 3020 811 3086 ll.
823 3020 959 3084 Aemilius
969 3029 1028 3075 nu.

52 3103 189 3182 Lepidus,
209 3103 299 3165 Catuli
311 3105 438 3184 collega,
455 3107 560 3167 bellum
572 3108 656 3166 civile
665 3106 755 3165 uoluit
767 3122 956 3182 commovere,
969 3095 1016 3139 ⁶⁷⁴·

52 3190 126 3248 intra
137 3195 228 3246 tamen
239 3206 319 3248 unam
332 3198 467 3249 aestatem
482 3199 576 3250 motus
592 3192 653 3248 eius
665 3205 822 3267 oppressus
836 3196 889 3248 est.
905 3185 960 3246 'lta

8 3288 19 3321 r
53 3266 255 3345 uno‘tempore
271 3270 349 3330 multi
367 3273 449 3331 simul
467 3272 599 3350 triumphi
613 3272 735 3346 iuemnt,
747 3270 854 3330 lletelli
865 3287 901 3328 ex
911 3267 959 3328 lll-

53 3356 163 3430 spania,
178 3351 307 3430 Pompeii
319 3353 459 3413 secundus
471 3372 507 3414 ex
517 3355 661 3434 Hispania,
675 3353 806 3415 Curionis
818 3370 854 3411 ex
864 3350 958 3412 llaec·

53 3435 146 3514 donia,
160 3435 273 3497 Seruilii
290 3452 327 3496 ex
340 3433 454 3498 Isauria.
860 3466 864 3471 -
