2362 4036
240 298 282 362 38
594 300 811 360 uorat-1³11
903 334 907 340 ·

173 459 228 500 Μ·
300 464 386 523 Osa.
398 461 446 523 Vl.
459 463 526 544 (V.)
544 462 626 523 Anno
638 462 715 522 urbis
727 462 856 523 conditae
867 477 1003 522 conum.
1029 458 1063 520 L.
1077 460 1146 522 lici·

179 525 226 569 ω·
240 547 288 606 nio
298 543 415 605 lucullo
433 555 462 605 ιι
472 544 510 605 ll.
522 544 639 607 Aurelio
657 543 739 620 Gutta
761 563 837 605 coss.
857 551 983 605 mortuus
1000 552 1049 603 est
1061 543 1146 605 Nico

239 627 355 703 medes,
377 646 429 689 rex
439 627 601 705 Bithyniae,
623 637 652 687 et
666 646 718 705 por
729 636 922 709 testamcutum
938 624 1080 704 populum
1088 626 1147 689 llo·

238 728 348 771 manum
366 712 590 772 leoithcrodem.
621 710 795 787 Mithridates
807 729 879 789 pace
894 718 976 789 rupta
987 707 1147 786 Bithyniam

239 802 269 853 et
277 791 373 854 Asiam
383 813 480 856 rursus
491 795 582 856 voluit
591 794 732 863 invadere.
754 795 899 854 Adversus
911 811 974 853 eum
983 792 1070 853 ambo
1082 811 1147 855 oon·

240 876 320 937 sulas
331 880 409 939 missi
423 881 527 940 variam
537 879 661 940 habuere
675 878 821 938 fomuuam.
842 876 925 939 Cotta
935 873 1012 954 apud
1026 874 1146 937 chalce

239 959 343 1020 donem
354 963 445 1021 victus
459 961 495 1023 ah
509 979 546 1021 eo
559 963 632 1037 acie,
650 963 733 1021 otiam
744 965 813 1021 intra
825 959 961 1038 oppidum
973 968 1097 1019 coactus
1106 969 1148 1020 est

239 1051 270 1103 ct
288 1044 435 1104 obsessus.
458 1043 516 1104 Sed
527 1062 590 1105 cum
601 1043 709 1103 scindo
720 1041 894 1104 Mithridates
905 1039 1042 1120 Cynicum
1058 1050 1147 1103 trans·

238 1125 361 1202 tulisset,
382 1135 413 1185 ut
424 1125 530 1203 Cynico
546 1135 629 1205 capta
639 1135 725 1186 totam
735 1125 831 1187 haiam
840 1123 995 1199 invaderet,
1009 1122 1145 1185 Lucullus

238 1210 266 1267 ei
276 1208 347 1267 alter
360 1208 459 1267 consul
471 1212 603 1269 occurrit.
640 1210 684 1268 Αι
696 1209 760 1268 dum
770 1207 945 1269 Mithridates
954 1208 983 1266 in
993 1207 1147 1279 obsidione

238 1288 336 1364 Cynici
355 1299 554 1367 commoratur,
577 1294 719 1369 ipseeum
735 1309 751 1352 a
766 1301 847 1368 tergo
859 1289 988 1365 obsedit,
1010 1290 1145 1369 fameque

237 1375 422 1452 consumpsit,
439 1382 467 1434 ct
477 1374 571 1435 multis
586 1375 705 1453 proeliis
716 1376 793 1450 vicit,
811 1381 954 1452 postremo
966 1372 1143 1449 Byzantium,

237 1473 318 1536 quaer
329 1475 402 1518 nuuc
414 1455 675 1536 Constantinopolis
692 1467 747 1535 cst,
767 1459 883 1536 fugarit.
912 1455 1010 1535 Nauali
1028 1473 1145 1535 quoquc

238 1541 348 1619 proelio
367 1541 454 1601 duces
471 1544 533 1601 eius
549 1540 681 1600 lucullus
697 1543 852 1620 oppressit.
880 1539 921 1601 lta
939 1557 993 1599 una
1009 1538 1107 1599 hieme
1119 1546 1145 1598 et

176 1624 180 1656 ²
237 1632 345 1682 aestate
360 1642 377 1682 a
392 1623 509 1681 Lucullo
527 1632 636 1681 centum
650 1623 712 1680 iere
732 1622 807 1681 milia
817 1622 895 1697 regis
911 1623 1049 1680 exstincta
1069 1629 1148 1681 sunt.

169 1736 222 1843 ll
236 1701 1143 1861 ,dllllldllhlltldimittit”tl'zltss'dlttt

235 1867 329 1927 brimus
350 1864 472 1941 Luculli,
499 1867 547 1944 qui
568 1873 664 1926 contra
683 1863 859 1925 Mithridaten
885 1863 990 1924 bellum
1011 1866 1142 1942 gerebat.
1178 1887 1181 1952 l

149 2006 152 2011 ,
168 1971 222 2011 ιιι.
234 1947 270 2009 Et
283 1950 311 2008 in
325 1947 403 2023 ltalia
414 1965 517 2009 uorum
528 1948 632 2010 bellum
643 1949 736 2009 subito
753 1957 922 2008 commotum
936 1957 990 2007 est.
1021 1947 1140 2025 Septua-

176 2038 221 2082 aro.
235 2033 313 2110 ginta
330 2035 406 2093 enim*
420 2042 540 2110 quatuor
557 2032 728 2111 gladiatores
746 2031 864 2092 ducibus
882 2031 1035 2109 Spartaco,
1054 2029 1139 2103 Gripo

199 2155 205 2160 -
236 2126 264 2176 et
276 2115 431 2192 Oenomao,
444 2117 560 2175 eliracto
573 2113 776 2193 depuratum,
794 2115 961 2192 effugerunt,
979 2123 1007 2172 et
1021 2132 1073 2193 per
1086 2112 1139 2174 lta·

236 2199 300 2260 liam
310 2209 447 2277 uagantes
459 2215 549 2275 paene
560 2215 616 2257 nou
627 2197 717 2258 levius
728 2198 833 2258 bellum
846 2201 874 2258 in
888 2214 932 2274 ea,
946 2214 1028 2276 quam
1039 2195 1138 2256 llauui·

84 2301 88 2310 ¹
168 2310 222 2351 „u
235 2282 428 2355 halmoverat,
450 2289 624 2356 paraverunt.
656 2281 726 2341 Nam
743 2281 837 2342 multis
855 2281 973 2340 ducibus
990 2279 1138 2339 etduohus

173 2378 219 2418 ιιιιι.
238 2361 319 2422 simul
330 2361 517 2421 Romanorum
528 2362 690 2422 consulibus
701 2366 784 2423 victis
800 2366 945 2440 sexaginta
960 2363 1020 2422 lere
1036 2361 1139 2423 milium

235 2453 400 2504 armatorum
422 2443 575 2503 exercitum
596 2455 854 2522 congregaverunt,
877 2447 1003 2524 victique
1022 2454 1090 2521 suut⁸
1113 2445 1139 2503 iu

167 2541 223 2582 mu.
234 2524 336 2605 Apulia
350 2526 416 2587 all.
426 2526 534 2587 Licinio
546 2525 649 2587 Crasso
661 2528 842 2605 proconsule,
859 2537 887 2588 et
902 2538 968 2607 post
978 2528 1079 2589 multas
1094 2544 1138 2587 oa·

177 2608 223 2649 ⁶⁸¹·
235 2609 372 2671 lumitates
384 2609 481 2671 ltaliae
492 2612 576 2671 tertio
590 2623 661 2670 anno
674 2610 750 2671 bello
765 2611 831 2671 huic
842 2612 904 2670 linis
922 2613 1070 2690 impositus
1086 2617 1137 2669 eat.

172 2713 227 2754 mu.
303 2693 391 2754 Gar.
407 2692 483 2754 Vlll.
502 2691 596 2774 (Vll.)
621 2694 836 2755 sexcentesimo
855 2697 1032 2772 octogesimo
1050 2695 1138 2771 primo

176 2777 313 2838 681·ιιι·1ιίι
328 2777 458 2837 conditae
476 2794 566 2852 anno,
588 2776 619 2836 P.
632 2776 766 2837 Cornelio
783 2777 900 2837 lentulo
918 2787 947 2836 et
965 2776 1016 2837 Gn.
1027 2775 1139 2835 Aufidio

235 2861 337 2920 Oreste
354 2877 431 2919 coss.
450 2859 505 2918 duo
521 2869 624 2920 tautum
641 2863 737 2939 gravia
752 2860 826 2920 holla
843 2863 870 2920 in
882 2861 1000 2937 imperio
1012 2859 1139 2918 Romano

235 2951 324 3016 erant,
336 2940 552 3016 Mithridaticum
568 2952 597 3002 et
610 2944 834 3003 Macedonicum.
870 2941 948 3002 llaec
960 2943 1016 3002 duo
1030 2939 1138 3002 Luculli
1175 2968 1179 2977 ·

233 3024 365 3100 agebant,
378 3024 410 3084 L.
420 3025 553 3086 Lucullus
563 3036 591 3086 ιι
601 3026 639 3086 Μ.
651 3024 792 3086 lucullus.
804 3025 834 3085 Ι..
848 3043 918 3103 ergo
928 3024 1061 3086 lucullus
1075 3031 1140 3103 post

235 3124 356 3184 pugnam
368 3106 548 3185 Cyzicenum,
562 3128 616 3187 qua
627 3111 734 3169 vicerat
749 3102 937 3184 Mithridaten,
961 3119 989 3168 et
999 3108 1138 3182 navalem,

235 3208 291 3268 qua
302 3190 390 3250 duces
401 3193 464 3250 eius
475 3201 675 3269 oppresserat,
688 3202 855 3269 persecutus
868 3200 912 3250 est
926 3194 1000 3267 eum,
1018 3200 1047 3252 et
1059 3207 1139 3251 rece·

211 3316 213 3321 -
235 3281 282 3350 pta
293 3271 483 3352 Paphlagonia
495 3283 580 3352 atque
590 3274 718 3349 Bithynia
730 3277 812 3335 etiam
824 3292 941 3350 regnum
952 3277 1014 3334 eius
1025 3274 1138 3348 invasit,

235 3356 361 3434 Sinopen
382 3367 410 3416 et
424 3355 557 3433 Amison,
584 3359 711 3417 civitates
727 3357 807 3417 Ponti
826 3357 1032 3435 nobilissimas,
1053 3357 1140 3434 cepit.

235 3436 367 3500 Secundo
381 3439 491 3519 proelio
506 3439 580 3518 apud
592 3438 690 3500 Cabiro
703 3442 854 3518 civitatem,
875 3455 932 3519 quo
944 3441 1075 3519 ingentes
1090 3455 1139 3499 co·
