2362 4036
169 120 214 186 24
518 125 735 189 duruerit

170 299 262 351 tunm
279 303 378 349 eorum
397 302 434 346 ox
447 285 517 347 urbs
528 286 673 347 reuiemm
690 286 852 349 altorusuls
868 288 945 367 oaptt
964 297 1034 351 suat
1052 299 1079 352 st

171 370 284 433 iubente
299 369 437 447 Scipione
447 367 566 430 dimissi
592 367 728 445 Hannibal
748 388 864 448 quoque
879 370 1079 450 hepuontibu

168 451 286 532 proeliis
303 453 395 513 rictus
414 470 430 511 a
448 453 583 530 Scipione
601 454 673 531 petit
691 455 774 513 etiam
792 455 854 531 ipse
869 471 983 531 pacem.
1011 455 1079 519 eun

168 545 280 597 ventum
303 545 382 597 esset
401 535 436 595 ad
453 534 641 614 colloquium,
664 535 763 595 iisdem
783 537 1002 599 condicionibus
1017 539 1080 603 data

169 629 224 696 est,
237 621 435 698 quibusprius.
454 617 724 696 Additaquiugentis
735 618 848 679 milibus
859 621 956 699 pondo
968 625 1080 701 argenti

103 728 108 738 ‘
170 704 274 766 smilis
291 704 422 765 librarum
440 711 556 780 propter
571 718 672 762 novam
689 701 842 779 pertidiam.
864 702 1079 782 Carthaginien·

170 789 249 848 sibus
264 787 446 847 condiciones
457 781 670 861 displicuerunt,
682 787 881 864 iusseruntque
893 785 1080 851 Hannibalem

170 889 307 949 pugnano.
329 868 623 948 lnlcrturuScipione
636 877 665 927 et
675 867 842 944 Masinissa,
864 869 922 929 alio
937 872 1079 949 regeNu·

169 953 313 1028 midarum‚
331 954 379 1030 qui
391 952 539 1010 amicitiam
550 969 613 1009 cum
623 952 761 1029 Scipione
773 951 892 1027 lecerat,
913 951 1081 1033 Carthagini

170 1036 282 1097 bellum.
296 1033 405 1113 (lllll.)
439 1032 575 1093 Hannibal
592 1042 650 1093 tres
669 1034 865 1112 exploratores
881 1034 916 1096 ad
933 1037 1081 1116 Scipionis

170 1127 262 1179 casua
271 1119 356 1192 misit,
369 1132 441 1195 quos
453 1125 554 1193 captos
565 1118 664 1195 Scipio
672 1116 842 1185 circumduci
855 1128 1007 1196 percastra
1019 1123 1080 1182 ius·

169 1203 215 1278 sit,
231 1199 400 1279 ostendique
414 1201 456 1259 eis
471 1207 560 1258 totum
572 1201 735 1275 exercitum,
755 1218 821 1260 mcx
832 1205 915 1272 etiam
930 1204 1082 1279 prandium

169 1284 240 1363 dari,
256 1285 423 1364 dimittique,
435 1292 466 1343 ut
476 1285 665 1348 renuntiarent
676 1282 831 1362 Hannibali,
847 1303 921 1365 quae
932 1287 1008 1364 apud
1019 1287 1081 1347 Ro·
1114 1276 1118 1309 ¹·

169 1369 424 1430 manosvidissent.
538 1410 541 1417 -
631 1418 634 1423 .
1040 1414 1044 1423 .

234 1452 322 1510 Cur.
336 1448 441 1509 XXlll.
471 1446 582 1507 Interea
603 1447 796 1523 proeliumab
811 1457 932 1526 utroquo
943 1449 1017 1511 duce
1034 1455 1081 1513 in·

169 1541 303 1593 structum
318 1539 371 1603 est,
387 1527 470 1605 quale
481 1529 529 1584 rix
539 1525 594 1585 ulla
604 1531 739 1588 memoria
751 1528 820 1601 luit,
835 1545 898 1588 cum
910 1533 1081 1607 peritissimi

87 1660 90 1667 ,
169 1617 222 1674 viri
234 1615 334 1690 copias
346 1629 412 1671 suas
424 1608 458 1669 ad
470 1608 575 1668 bellum
590 1607 753 1695 educerent.
777 1610 875 1688 Scipio
890 1614 981 1672 victor
992 1632 1082 1675 reco-

169 1698 209 1758 dit
227 1710 317 1775 paena
333 1696 398 1772 ipso
416 1691 569 1753 Hannibale
586 1700 685 1770 capto,
710 1694 758 1772 qui
775 1695 967 1772 primumcum
978 1697 1081 1761 multis

169 1781 322 1860 equitibus,
339 1776 440 1838 deinde
450 1794 516 1836 cum
526 1793 581 1848 xx,
601 1785 745 1853 postremo
758 1795 821 1837 cum
835 1786 955 1857 quatuor
971 1783 1078 1845 evasit.

165 1862 281 1924 Iuventa
295 1862 434 1923 incastris
446 1856 606 1920 Hannibalis
618 1859 832 1937 argentipondo
845 1879 884 1920 xx
899 1862 989 1938 milia,
1000 1867 1079 1927 -auri

166 1966 251 2024 cxxx,
266 1957 362 2007 cetera
373 1941 561 2021 supellectilis
580 1945 708 2020 copiosa.
741 1943 809 2003 Post
819 1944 848 2004 id
862 1954 1003 2006 certamen
1020 1965 1078 2025 pax

99 2054 154 2096 mu.
167 2049 229 2091 cnm
251 2025 527 2106 Carthaginiensibus
547 2025 620 2086 lacta
638 2035 691 2088 est.
724 2026 822 2105 Scipio
841 2027 958 2088 Romam
977 2030 1076 2107 rediit,

107 2104 157 2166 til·
168 2116 273 2191 ingenti
289 2113 381 2188 gloria
391 2108 569 2183 triumphavit
580 2117 664 2187 atque
677 2108 826 2168 hiricanus
838 2129 874 2170 ex
888 2112 1076 2191 coappellari

169 2205 289 2273 coeptus
306 2201 360 2253 est.
399 2189 496 2250 Finem
514 2192 627 2266 accepit
644 2191 801 2264 secundum
808 2175 949 2255 ‘Punicum
967 2195 1075 2258 bellum

167 2287 233 2357 post
248 2294 348 2336 annum
358 2290 461 2335 nonum
471 2270 620 2349 decimum,
633 2290 715 2351 quam
726 2285 870 2354 coeperat.

517 2467 719 2480 m

318 2714 322 2719 ·
388 2624 850 2700 cruunturuuus·

464 2827 763 2882 lhuduicum.

209 2940 234 2995 1.
242 2940 268 2994 2.
278 2941 566 2999 bellumhlacedouicum
573 2957 657 3000 contra
662 2949 805 3016 Philippum
813 2965 905 3016 regem.
918 2945 979 3004 Sd.
988 2949 1073 3017 Syrio·

165 3024 222 3060 cum
239 3018 324 3060 contra
337 3012 486 3065 Antiochum
494 3033 587 3083 regem.
616 3018 642 3068 b.
654 3018 733 3068 Fulvii
745 3020 777 3068 de
785 3019 880 3069 Aetolis
892 3019 1034 3085 triumphus
1047 3016 1080 3071 et*

69 3102 71 3108 ·
164 3079 388 3129 morsHsnnibalis.
409 3079 912 3151 6-8.Bellumhincedonicnmsecuudurp
920 3087 1073 3138 contraPer-

164 3161 235 3196 saum
244 3157 268 3198 st
276 3148 399 3214 Illyricum
407 3159 492 3200 contra
501 3152 615 3203 Gentium
625 3155 791 3221 triumphique
801 3156 831 3204 de
843 3156 874 3205 iis
883 3157 938 3205 acti.
959 3154 986 3208 9.
997 3156 1074 3209 Rasa

163 3213 282 3265 Mummio
293 3217 568 3285 inHisponiaprospero
577 3230 672 3287 gestae.
691 3222 884 3276 dolabellam
891 3223 1013 3274 Punicum
1021 3232 1072 3275 ter·

162 3282 226 3332 tlum
242 3290 267 3334 et
276 3283 432 3352 Cepahaginis
447 3289 581 3341 excidium.
607 3289 648 3344 13.
665 3290 762 3341 bellum
773 3291 1072 3345 Macedonicumtertium
