2362 4036
465 274 705 360 crs-sarda
811 374 852 393 Γ
974 297 1074 369 ot,

109 465 192 544 quod
206 463 429 544 Mogontiacum,
459 485 531 545 quae
548 467 682 526 adversus
699 480 762 522 eum
783 463 969 526 rebellaverat
986 465 1016 528 L.

108 549 232 609 Aeliano
244 568 290 608 rcs
309 567 397 609 novus
409 551 553 625 moliente,
572 547 751 623 diripiendam
762 547 894 609 militibus
906 549 1017 610 tradere

109 634 261 709 noluisset.
292 632 359 692 Post
370 652 432 692 eum
445 630 563 703 Marius,
576 629 727 689 vilissimus
739 631 847 707 opilea,
867 628 1016 710 purpuram

109 720 227 794 accepit
241 726 269 775 et
280 717 405 776 secundo
422 717 466 776 die
480 711 642 775 interiectus
656 722 708 772 cst.
740 714 899 774 Victorinus
916 726 1015 792 postea

111 799 263 877 Galliarum
280 803 391 878 accepit
408 794 568 877 imperium,
589 797 633 855 vir
646 798 865 873 strenuissimus,
883 799 933 858 sed
951 817 1014 859 eum

109 886 213 944 nimiae
231 884 352 944 libidinis
369 888 489 952 esseest
512 881 684 956 matrimonia
700 879 790 940 aliena
807 893 1010 960 conumperet,

108 969 287 1046 Agrippinae
298 969 410 1028 occisus
422 972 463 1023 est
469 963 591 1021 actuario
604 963 723 1043 quodam
733 965 906 1025 machinante
917 964 1012 1024 dolum

109 1055 222 1129 imperii
235 1055 277 1112 sul
289 1068 360 1113 anno
373 1045 504 1111 secundo.
767 1042 771 1058 ⁴

149 1156 151 1165 ·
175 1137 255 1196 Gne.
276 1136 311 1198 X.
334 1135 403 1195 Huic
419 1130 563 1188 successit·
575 1129 702 1189 Tetricus
715 1140 844 1208 senator,
866 1134 913 1210 qui
924 1131 1011 1210 Aqui·

110 1221 213 1280 taniam
223 1221 330 1280 honore
339 1211 474 1293 praesidis
480 1212 671 1273 administrans
682 1215 784 1275 absens
796 1235 811 1275 a
823 1216 956 1276 militibus
962 1218 1011 1274 im·
1103 1286 1105 1293 y

112 1314 226 1380 perator
241 1304 344 1364 electus
356 1304 399 1355 est
409 1305 443 1377 et
452 1295 525 1373 apud
539 1296 871 1376 Burdigalampurpuram
883 1300 1010 1378 sumpsit.
1094 1370 1098 1377 ⁵
1114 1344 1117 1350 .

112 1388 271 1447 seditiones
279 1381 377 1441 multas
393 1378 509 1437 militum
521 1381 642 1455 pertulit.
671 1382 728 1439 Sed
742 1382 807 1440 dum
821 1383 891 1441 haec
904 1385 934 1442 in
947 1383 1010 1442 Gal·
1102 1447 1105 1454 ,

111 1471 148 1530 lia
160 1472 305 1548 geruntur,
323 1466 351 1521 in
365 1462 480 1521 Oriente
491 1479 543 1539 per
556 1461 727 1521 Odenathum
738 1461 842 1523 Persae
852 1468 919 1524 victi
935 1474 1008 1524 sunt.

110 1554 233 1614 Defensa
254 1548 347 1621 Syria,
370 1554 486 1622 recepta
502 1544 715 1622 Mesopotamia.
745 1546 843 1626 Usque
864 1547 899 1607 ad
916 1546 1007 1607 Ctesi·

110 1640 240 1715 phomem
251 1629 588 1706 Odenatlruspenetravit.
965 1699 972 1710 .

150 1716 254 1775 'Cae
275 1712 324 1773 Xl.
356 1712 397 1774 lta
413 1711 615 1772 Gallienorem
631 1714 772 1790 publicam
791 1715 940 1774 deserente
951 1715 1008 1775 llo·

104 1818 215 1859 manum
231 1800 378 1876 imperium
397 1799 425 1856 iu
437 1796 592 1856 Occidente
611 1815 663 1876 per
673 1796 848 1875 Postumum,
868 1816 918 1876 per
934 1798 1007 1858 Ode·
1024 1810 1026 1814 ·

108 1882 220 1940 nathum
231 1883 258 1938 in
271 1881 385 1940 Oriente
398 1889 536 1939 servatum
548 1890 601 1939 est.
625 1879 734 1960 (vlu.)
751 1880 891 1942 Gallienus
902 1885 1008 1943 interea
1029 1876 1031 1883 ’

107 1962 258 2023 Mediolani
276 1981 338 2022 cum
347 1962 495 2022 Valeriano
511 1963 596 2023 fratre
614 1966 726 2023 occisus
741 1974 785 2023 est
805 1967 915 2042 imperii
934 1984 1006 2026 anno

106 2064 191 2123 nono,
216 2045 406 2125 Claudiusque
421 2047 447 2104 ei
460 2050 609 2123 successit,
627 2048 785 2108 amilitibus
797 2048 916 2123 electus,
934 2069 1004 2108 ase·
1029 2063 1056 2110 P.

106 2140 170 2191 natu
190 2130 346 2208 appellatus
364 2129 517 2206 Augustus.
536 2130 589 2190 liic
601 2129 708 2191 Gothos
720 2130 860 2206 illyricum
874 2131 1072 2191 macedo-cu·
1120 2142 1123 2151 “

105 2218 234 2293 niamque
248 2216 506 2291 vastantesingenti
519 2214 719 2293 proelio'vicit.
738 2214 840 2274 Parcus
853 2217 935 2274 virae
945 2231 1004 2274 mo·
1015 2203 1060 2246 ²⁶⁸·

107 2299 203 2359 destus
221 2307 249 2357 et
265 2300 330 2357 iusti
347 2307 431 2357 tenax
446 2315 479 2355 ac
498 2301 539 2357 rei
559 2298 690 2376 publicae
710 2297 851 2376 gerendae
873 2297 1001 2374 idoneus,

106 2385 153 2463 qui
164 2391 255 2442 tamen
272 2384 341 2441 intra
358 2383 467 2458 imperii
484 2382 626 2440 biennium
638 2383 735 2442 morbo
752 2383 855 2442 interiit
874 2391 902 2441 et
915 2381 1003 2441 Divus
1029 2380 1055 2423 Ρ·

106 2467 262 2545 appellatus
274 2475 326 2524 est.
347 2466 466 2525 Senatus
477 2467 581 2543 ingenti
594 2482 655 2524 eum
664 2466 770 2526 bonore
782 2465 935 2541 decoravit,
948 2469 1002 2526 sci·
1015 2447 1070 2558 ξῖῗ

106 2550 172 2609 licet
188 2560 217 2609 ut
232 2552 258 2608 in
272 2551 347 2609 curia
358 2548 466 2625 clipeus
483 2549 537 2626 ipsi
547 2567 663 2627 aureus,
679 2550 746 2607 item
757 2552 784 2608 in
796 2547 936 2626 Capitolio
946 2559 1001 2609 sta·
1054 2544 1061 2558 ’

106 2643 151 2694 tua
163 2652 247 2693 aurea
261 2640 422 2709 poneretur.
1040 2676 1049 2689 .

89 2774 94 2781 .
169 2718 253 2778 (lar.
268 2714 332 2779 xli.
359 2713 508 2788 Quintillus
523 2716 680 2792 postcom,
702 2713 809 2773 Claudii
821 2714 915 2788 frater,
937 2731 1003 2774 eon·

107 2821 191 2863 sensu
206 2800 322 2860 militum
336 2799 488 2875 imperator
503 2798 611 2859 electus
628 2807 685 2874 est,
703 2800 746 2856 vir
761 2799 860 2856 unicae
877 2797 1003 2857 modera-

105 2889 190 2946 tionis
214 2894 243 2944 et
260 2881 415 2958 civilitatis,
439 2881 600 2961 aequandus
618 2882 695 2940 butri
710 2880 756 2940 uel
777 2881 1002 2958 praeponendus.
1074 2926 1077 2930 .

107 2970 254 3030 Consensu
273 2962 390 3026 'senatus
405 2965 562 3043 appellatus
584 2965 728 3042 Augustus
752 2966 872 3042 septimo
894 2964 1007 3028 decimo¹

106 3055 151 3114 die
166 3051 273 3131 imperii
286 3052 398 3110 occisus
413 3058 465 3108 est.
772 3096 775 3101 .

173 3138 257 3198 Cur.
269 3132 337 3194 Xlll
361 3133 441 3212 (lX.)
469 3130 536 3191 Post
553 3150 616 3191 eum
630 3132 796 3191 Aurelianus
812 3134 938 3210 suscepit
955 3134 1004 3192 im·
1079 3158 1092 3179 ‹

106 3223 223 3300 perium,
239 3219 327 3278 Dacia
338 3217 455 3295 Ripensi
467 3215 608 3291 oriundus,
620 3217 664 3274 vir
673 3218 700 3275 in
710 3215 786 3274 bello
799 3224 910 3293 potens,
923 3219 1005 3274 animi

104 3316 196 3365 tamen
211 3301 351 3364 immodici
371 3299 447 3359 etad
465 3299 656 3358 crudelitatem
671 3301 875 3377 propensioris,
898 3301 1002 3376 quique
1026 3318 1052 3359 a.

106 3389 215 3449 Gotbos
235 3386 425 3447 strenuissime
446 3384 522 3441 vicit.
552 3381 702 3442 Romanam
718 3382 857 3441 dicionem
876 3380 1003 3441 ad‘iines
1015 3385 1069 3429 Μ·

108 3468 337 3591 ⁹¹¹⁵ll⁰llnlffl³
361 3467 497 3529 bellorum
519 3465 652 3527 felicitate
672 3466 824 3526 revocavit.
850 3464 1004 3611 5Superauit
1020 3453 1065 3496 ¹²⁷¹·

148 3555 162 3590 Ε
194 3555 207 3589 R
255 3553 279 3588 l.
