2362 4036
471 286 609 393 annun
632 335 662 394 x.
973 330 1013 400 aa

178 495 265 559 Cas.
281 495 411 558 XXVIII.
440 498 634 561 Diocletianus
654 499 815 578 privatusIn
833 499 917 579 villa,
940 520 1013 580 quae

105 578 186 640 lraud
196 582 295 659 prooul
307 601 323 641 a
333 582 444 642 Salonis
456 593 515 657 est,
535 582 679 665 praeclaro
692 587 750 644 otio
762 586 863 661 senuit,
885 587 1013 648 inusitata

107 665 299 742 virtuteusus,
313 674 343 725 ut
353 665 431 726 solus
443 667 562 727 amulum
575 676 641 745 post
653 668 792 729 eonditum
800 668 954 729 Romanum
965 671 1014 729 im·

110 750 223 826 perium
239 769 276 809 ex
291 759 367 809 tanto
389 750 502 828 IastIgio
520 761 622 829 sponte
640 747 675 812 ad
690 754 815 829 privatae
825 755 899 812 vitae
915 761 1015 813 statum

110 923 195 1058 nans
205 917 343 996 homines,
358 927 389 978 nt
399 936 463 978 oum
473 919 596 996 priuatus
612 920 731 998 obisset,
744 918 911 981 interDivos
922 927 1013 979 tamen

111 1017 144 1058 re
159 1009 274 1062 erretur.

442 1175 686 1193 mutat——

338 1340 832 1446 insusurrante·

508 1471 619 1485 ——nn—

430 1565 698 1620 antonianus.

165 1672 190 1727 1.
209 1674 309 1740 Imperii
327 1676 417 1728 divisio
434 1681 497 1731 inter
514 1678 684 1732 Constantium
704 1681 728 1725 et
740 1672 865 1724 Galerium
882 1672 1017 1736 assumptis
1103 1680 1106 1686 '

114 1744 212 1793 duobus
231 1744 377 1796 Caesaribus
401 1748 535 1801 MaximIno
558 1756 583 1799 et
605 1747 706 1796 Severo·
740 1742 768 1799 2·
786 1742 928 1794 Constantio
952 1755 1016 1790 mor·

113 1819 156 1859 tuo
176 1811 352 1864 Constantinus
373 1817 398 1864 iu
415 1818 542 1869 Britannia
564 1823 660 1865 creatur
681 1815 830 1878 imperator,
852 1812 947 1861 Romae
963 1809 1016 1859 Ma-

113 1879 228 1936 xentium,
250 1880 316 1928 filius
327 1882 447 1942 Herculii,
472 1888 515 1947 qni
537 1885 595 1932 iuda
617 1883 651 1930 ad
667 1897 737 1945 spem
753 1881 897 1947 resumendi
918 1877 1017 1944 Imperii

114 1945 226 2007 erIgitur.
260 1945 367 1992 Severus
393 1956 477 1996 contra
498 1949 651 1996 Maxentium
673 1949 766 1993 missus
786 1961 803 1994 a
825 1950 878 1996 suls
902 1948 1016 1996 desertus

113 2011 265 2063 interficitur.
295 2008 321 2063 3.
337 2011 445 2064 Herculii
462 2023 520 2079 post
537 2015 618 2062 inritos
640 2018 742 2061 conatus
762 2020 846 2060 eontra
862 2014 1016 2065 Maxentium

113 2089 138 2143 et
156 2078 343 2129 Constantinum
361 2080 484 2137 interitus,
502 2083 563 2132 Eius
579 2095 672 2130 mores.
701 2077 728 2130 4.
747 2078 857 2128 Lioinins
875 2095 890 2129 a
908 2081 1014 2142 Galerio,

113 2150 156 2212 qui
173 2149 321 2213 paulopost
339 2151 456 2211 moritur,
474 2152 500 2202 lit
518 2154 660 2215 imperator.
691 2148 752 2196 Iliun
768 2147 962 2212 rempublicam
979 2158 1015 2197 te·

112 2224 171 2267 nent
189 2225 295 2280 quatuor
312 2219 483 2282 Imperatores,
495 2219 679 2277 Constantinus,
696 2215 846 2276 Maxentius,
862 2214 973 2265 Licinius
991 2225 1016 2267 et
1039 2268 1047 2277 ,

111 2286 271 2338 MaximInus.
300 2284 440 2337 Maxentius
456 2303 501 2354 per
513 2287 700 2337 Constantinum
718 2283 872 2350 opprimuur.
902 2282 1015 2333 Maximi-

112 2369 159 2403 nus
178 2355 298 2404 adversus
316 2350 439 2406 LioInIum
450 2371 528 2406 novas
543 2371 584 2405 res
596 2355 696 2404 molitus
711 2355 813 2402 exitium
824 2352 926 2401 fortuita
936 2361 1014 2402 morte
1064 2353 1067 2363 '

111 2425 248 2487 praevenit.
266 2423 290 2473 5.
300 2421 326 2476 6.
336 2424 445 2475 Lioinius
455 2425 637 2476 aConstantino
648 2422 863 2473 vietusoooidltua.
879 2420 939 2483 Intle
948 2435 1015 2470 sum-

112 2506 168 2540 mae
185 2507 268 2541 rerum
285 2509 350 2543 unus
368 2492 543 2544 Constantinus
565 2499 677 2559 praeest,
696 2493 738 2554 qui
758 2507 823 2543 novo
841 2489 925 2541 annuo
944 2505 1014 2540 more

112 2570 162 2608 tres
182 2559 301 2611 Caesares
314 2570 389 2614 orent.
425 2561 449 2612 t.
467 2562 494 2615 8.
514 2561 667 2613 Constantini
684 2575 765 2609 mores
783 2558 915 2610 insolentia
931 2573 1013 2609 rerum

112 2630 279 2678 secundarum
296 2630 322 2679 in
341 2630 449 2679 deterius
467 2632 554 2680 mutati
572 2640 596 2680 et
612 2628 706 2693 studim
725 2627 882 2693 Ipsebellum
893 2627 1013 2677 adversus

111 2696 215 2745 Parthos
233 2698 337 2747 moliens
356 2699 467 2751 moritur.
490 2695 583 2752 9-13.
602 2697 742 2748 Succedunt
757 2704 808 2745 tres
820 2697 875 2745 eius
885 2696 937 2755 filii,
950 2695 1013 2745 Con-

113 2767 253 2825 stantinus,
272 2764 392 2815 Constans
410 2775 434 2816 et
453 2767 611 2817 Constantius
631 2781 686 2815 oum
703 2764 835 2825 Dalmatio,
854 2765 936 2814 listris
953 2763 1013 2823 filio,

113 2835 244 2896 equibus,
262 2849 318 2882 oum
336 2837 410 2884 ueteri
427 2836 549 2886 iuterleoti
567 2843 664 2896 essent,
680 2841 792 2883 remanet
807 2833 876 2882 solus
894 2831 1013 2882 Constan-

113 2904 173 2960 tius,
192 2903 234 2965 qui
251 2903 314 2952 male
330 2913 427 2969 pugnat
446 2913 531 2954 eontra
547 2905 644 2964 Persas,
662 2904 837 2952 VetranIonem
855 2903 971 2967 opprimit
989 2912 1013 2951 et

115 2969 292 3035 Magnentium,
310 2974 380 3020 ouius
398 2972 473 3025 danaes
491 2982 564 3022 antea
581 2973 754 3039 Nepotianum,
770 2971 864 3020 Romae
880 2972 1012 3036 Imperato·
1034 3034 1035 3037 Ἴ

113 3055 165 3087 rem
182 3039 284 3100 iactum,
302 3041 484 3101 interfecerant,
496 3039 651 3104 Gallumque,
667 3055 743 3104 quaem
759 3039 814 3105 Ipse
826 3039 957 3089 Caesarem
976 3038 1012 3086 ie-

114 3116 193 3167 cerat,
218 3116 275 3173 post
292 3110 390 3161 oocidit.
414 3109 527 3160 Silvanus
553 3110 578 3160 in
596 3110 675 3159 Gallia
690 3123 768 3159 nouas
789 3123 829 3157 res
847 3107 951 3158 moliens
970 3120 1012 3155 ex-

113 3177 255 3241 stinguitur.
284 3174 325 3231 14.
345 3176 501 3228 Constantius
517 3177 639 3228 Iulianum
656 3178 787 3229 Caesarem
803 3177 877 3237 iacit,
895 3177 938 3238 qui
954 3189 1012 3224 oon·

113 3256 151 3293 tra
169 3243 252 3294 Gallos
270 3255 294 3295 et
309 3246 460 3296 Alamannos
478 3249 570 3297 missus
593 3249 694 3312 egregie
714 3262 754 3296 res
776 3247 848 3311 gerit.
881 3243 921 3295 15.
937 3242 1011 3292 Iulia-

113 3328 161 3364 nus
178 3328 194 3362 a
211 3314 465 3380 militibusAugustus
482 3317 648 3374 renuntiatur,
668 3331 717 3379 qua
732 3331 759 3365 re
776 3314 875 3378 cognita
892 3310 1011 3361 Constan-

112 3385 171 3443 tius,
190 3398 247 3431 oum
266 3385 357 3433 omisso
368 3385 467 3434 Persico
482 3384 547 3436 bello
566 3393 650 3434 eontra
669 3399 726 3433 eum
742 3381 868 3448 proiectus
885 3387 964 3439 esset,
984 3381 1010 3429 in

112 3452 200 3501 itinere
218 3452 277 3504 obit.
311 3450 371 3500 Eius
386 3465 478 3501 mores.
513 3451 554 3505 16.
572 3453 661 3502 Iuliani
676 3459 760 3501 eontra
777 3449 865 3498 Persas
877 3447 1011 3515 expeditio,

113 3521 138 3568 in
155 3534 205 3582 qua
221 3518 306 3570 hostili
323 3534 398 3570 manu
416 3520 566 3576 interficitur.
591 3521 652 3573 Eius
668 3518 765 3582 laudes,
781 3531 864 3568 mores
875 3525 900 3568 et
916 3517 1008 3573 studia.
