2362 4036
226 298 269 361 64
568 290 788 359 ΕΗΤΒΟΡΙΓ
858 389 861 397 ν

290 467 374 526 Gar.
387 465 421 524 V.
442 463 509 527 lllox
520 467 704 542 imperatores
715 464 801 524 creati
813 472 876 523 sunt
889 459 983 522 Gallus
996 461 1128 523 Hostilia·

225 557 277 610 nus
294 558 322 608 et
334 548 404 608 Galli
416 548 499 622 lilius,
511 547 691 608 Volusianus.
712 538 769 607 Sub
781 547 1026 607 hisnemilianus
1017 545 1128 606 suillae

116 656 144 703 ’χ
226 635 268 692 sia
289 650 336 691 res
351 648 439 691 novas
456 631 575 690 molitus
591 641 643 690 est.
675 630 720 689 Ad
734 642 818 708 quem
832 629 1046 706 opprimendum
1068 648 1127 690 cum

225 715 306 775 ambo
319 716 440 793 profecti
453 722 558 790 essent,
579 712 749 774 Interamnae
760 714 900 772 interfecti
912 722 974 772 sunt
985 730 1043 772 non
1055 731 1127 772 com·

175 825 202 867 p
227 799 304 878 pleto
319 800 441 858 biennio.
473 797 548 859 Nihil
564 799 673 857 omniuo
685 796 962 871 clarumgessemnt.
998 797 1067 856 Sola
1082 815 1126 894 pe-

159 893 216 935 cri
228 881 349 942 stilentia
363 892 390 941 et
402 882 505 941 morbis
513 891 600 960 atque
611 879 829 958 aegritudinibus
840 889 922 939 notus
941 897 1040 939 eorum
1056 881 1126 957 priu-

164 961 209 1007 Ἦ
229 944 337 1044 cipatus
356 967 414 1026 fuit.

289 1051 376 1110 Gar.
386 1046 435 1106 Vl.
448 1047 512 1128 (V.)
534 1047 704 1127 Aemilianus
717 1047 915 1107 obscurissime
931 1056 1012 1106 natus
1028 1047 1126 1106 obscu-

226 1136 286 1193 rius
296 1135 442 1211 imperavit
457 1149 490 1191 ao
503 1134 586 1190 tertio
597 1149 694 1189 mense
707 1133 860 1190 exstinctus
873 1139 926 1189 est.
1013 1156 1017 1160 ·

290 1217 375 1276 Gar.
392 1213 452 1272 Vll.
473 1213 552 1292 (Vl.)
586 1213 656 1272 Hinc
667 1211 973 1288 LiciniusValerianus,
993 1216 1021 1272 in
1032 1214 1127 1273 Raetia

198 1323 202 1336 ·
228 1308 256 1358 et
271 1298 376 1357 Norico
392 1315 490 1374 agens,
516 1298 550 1356 ab
564 1299 688 1356 exercitu
703 1299 856 1374 imperator
872 1307 900 1356 et
911 1297 1127 1374 moxAugustus
1155 1300 1156 1307 ’

227 1391 271 1442 est
284 1382 384 1441 iactus.
422 1379 564 1441 Gallienus
580 1398 694 1460 quoque
705 1380 812 1441 llomae
829 1389 954 1440 asenatu
971 1379 1077 1440 Caesar
1087 1390 1128 1439 est

227 1466 394 1544 appellatus.
415 1465 521 1525 Horum
531 1468 678 1543 imperium*
690 1465 815 1525 Romano
827 1466 929 1524 nomini
941 1466 1129 1541 perniciosum

228 1561 256 1610 et
266 1568 356 1628 paene
369 1549 511 1609 exitiabile
527 1549 578 1607 fuit
593 1548 639 1606 vel
651 1545 813 1608 infelicitate
826 1550 980 1625 principum
994 1547 1041 1606 vel
1053 1550 1128 1623 igna-

226 1636 281 1691 via.
310 1633 438 1691 Germani
455 1632 614 1689 Ravennam
631 1649 722 1705 usque
741 1639 885 1688 venerunt.
920 1629 1086 1689 Valerianus
1104 1633 1129 1689 iu

177 1733 203 1774 Ρ.
226 1713 428 1788 MesopotamIa
442 1711 545 1768 bellum
557 1728 660 1784 gerens
676 1713 822 1786 usupare,
835 1711 978 1769 Persarum
990 1731 1070 1787 rege,
1086 1733 1130 1772 su·

160 1800 216 1847 cult
164 1805 339 1911 2²⁵¹speratus
353 1801 413 1866 est,
430 1809 495 1850 mox
507 1794 589 1850 etiam
602 1799 700 1869 captus
716 1792 791 1901 apud
801 1791 917 1851 Parthos
937 1793 1054 1869 ignobili
1069 1814 1130 1854 ser·

164 1867 312 1937 vitute
324 1878 479 1935 consenuit
1164 1876 1173 1969 p

290 1960 376 2022 Gur.
392 1957 469 2019 Vlll.
509 1958 651 2020 Gallienus
672 1950 734 2020 cum
753 1958 921 2020 adolescens
943 1960 1036 2019 factus
1052 1971 1130 2020 esset

225 2045 404 2122 Augustus,
396 2047 542 2143 imperium
556 2047 672 2121 primum
687 2044 818 2120 feliciter,
835 2061 901 2103 mor
913 2044 1076 2119 commode,'
1095 2045 1128 2104 ad

226 2128 351 2198 ultimum
363 2131 522 2207 pomiciose
538 2130 638 2205 gessit.
672 2128 766 2188 Nam
757 2131 865 2187 iuvenis
885 2129 912 2186 in
925 2125 1012 2187 Gallia
1025 2137 1054 2187 et
1064 2126 1127 2202 llly-

177 2228 180 2233 ·
226 2217 286 2273 rico
306 2213 390 2272 multa
412 2220 524 2271 strenue
544 2211 612 2270 fecit
634 2215 732 2273 occiso
753 2212 827 2289 apud
847 2209 969 2271 llursam
990 2209 1126 2288 Ingenuo,

228 2301 275 2376 qui
291 2296 442 2373 purpuram¹
456 2305 629 2370 sumpserat,
655 2306 683 2354 et
697 2295 862 2372 Regaliano.
891 2294 946 2354 Diu
958 2294 1084 2371 placidus
1102 2304 1128 2353 et

228 2383 348 2456 quietus,
368 2392 433 2435 mor
444 2381 471 2435 in
482 2394 590 2436 omnem
604 2379 747 2437 lasciviam
762 2378 924 2452 dissolutus,
939 2378 1077 2438 tenendae
1088 2381 1127 2436 rei

129 2495 132 2507 ι
226 2460 357 2540 publicae
370 2461 491 2519 habenas
499 2461 640 2537 probrosa
651 2463 760 2537 ignavia
768 2470 796 2519 et
808 2461 1007 2538 desperatione
1018 2461 1127 2521 laxavit.

226 2544 368 2604 Alamanni
390 2546 505 2603 vastatis
529 2541 625 2603 Galliis
640 2547 668 2603 in
687 2542 792 2615 ltaliam
815 2553 1041 2622 penetraverunt.
1074 2545 1128 2605 Da·

228 2631 288 2703 cia,
312 2646 384 2706 quae
402 2627 546 2688 afraiauo
563 2627 634 2688 ultra
644 2628 801 2688 Danubium
815 2629 906 2687 iuerat
919 2628 1045 2703 adiecta,
1073 2638 1128 2688 tum

228 2715 330 2772 amissa
341 2721 394 2770 est.
419 2710 547 2787 Graecia,
560 2711 734 2788 Macedonia,
752 2711 866 2788 Pontus,
882 2711 949 2771 Asia
960 2721 1067 2793 vastata
1080 2731 1129 2790 per

228 2795 347 2856 Gothos.
386 2793 524 2856 Pannonia
544 2815 559 2854 a
583 2794 714 2855 Sarmatis
736 2795 904 2873 Quadisque,
921 2795 1054 2873 populata
1076 2805 1128 2863 est.

229 2878 358 2937 Germani
375 2896 466 2954 usque
482 2878 516 2936 ad
532 2879 680 2957 Hispanias
700 2888 915 2956 penetraverunt
936 2888 965 2937 et
990 2882 1129 2939 civitatem

225 2961 350 3019 nobilem
371 2959 555 3020 Tarraconem
579 2973 816 3040 expugnaverunt.
857 2962 949 3021 Parthi
966 2961 1128 3041 blesopota·

226 3045 281 3116 mia
296 3048 432 3121 occupata
444 3046 550 3119 Syriam
561 3047 613 3105 sibi
629 3055 783 3123 coeperunt
797 3047 948 3106 vindicare.

291 3127 374 3186 Gir.
392 3124 440 3186 IX.
459 3126 552 3208 (Vll.)
581 3129 650 3188 l'um
661 3131 714 3188 iam
726 3129 883 3208 desperatis
895 3130 979 3189 rebus
992 3138 1021 3187 et
1035 3128 1129 3187 deleto

228 3229 320 3291 paene
336 3213 453 3288 imperio
466 3211 592 3272 Romano
602 3212 769 3272 Postumus
762 3233 789 3273 ιιι
806 3213 904 3288 Gallia,
928 3214 1129 3272 obscurissime

223 3304 318 3369 natus,
333 3312 479 3373 purpuram
491 3300 609 3385 sumpsit
620 3307 648 3355 et
659 3314 711 3374 per
721 3298 932 3357 aunosdecem
924 3306 960 3356 rta
972 3298 1128 3373 imperavit,

228 3387 261 3437 ut
276 3384 456 3457 consumptas
469 3392 559 3457 paene
571 3382 730 3457 provincias
749 3383 854 3457 ingenti
872 3383 972 3440 virtute
989 3390 1020 3439 et
1033 3379 1129 3442 mode-

228 3464 336 3522 ratione
347 3482 464 3542 reparat
468 3467 527 3523 erit.
551 3464 604 3538 Qui
615 3463 753 3524 seditione
768 3464 883 3526 militum
896 3464 1059 3524 interfectus
1072 3473 1128 3540 est,
